3046 5250
618 363 824 458 „n-

125 564 300 649 particulis
328 565 393 633 vim
427 570 687 649 comparativam
710 569 828 653 inesse,
862 575 974 634 tamen
1007 571 1110 635 etiam
1146 571 1316 636 causalem

127 669 291 748 quandam
316 668 594 751 significationem
617 689 675 735 eas
698 672 829 755 habere,
852 691 944 738 nemo
967 693 1031 738 non
1053 672 1238 755 intelleget.

212 789 246 873 b)
269 789 455 856 Annectam
476 790 585 857 verbis
609 791 906 875 „reprehendendi‘
923 794 1122 877 „laudandi“
1150 794 1313 860 similibus

125 892 226 958 verba
257 891 412 973 puniendi
443 891 508 959 vim
536 892 738 958 continentia
771 896 824 959 vel
850 893 957 977 ipsam
992 896 1139 977 aliquam
1172 917 1311 979 poenam

124 993 361 1076 significantia.
415 995 592 1062 Suetonius
630 996 787 1061 eiusmodi
825 997 932 1065 verbis
970 1019 1107 1066 causam
1139 1001 1306 1082 particula

124 1095 252 1183 „quou‘
275 1098 369 1163 addit
391 1097 443 1163 his
466 1098 562 1164 locis:

280 1201 399 1287 „punio
422 1201 542 1282 quod“:
566 1201 639 1268 Tib.
663 1204 714 1268 61.

280 1302 457 1389 „iudicium
479 1304 669 1370 maiestatis
694 1307 793 1369 subeo
816 1304 936 1385 quod“:
961 1305 1033 1372 Tib.
1057 1310 1086 1373 2.

276 1426 408 1493 „moveo
432 1408 551 1495 senatu
574 1407 693 1488 quod“:
727 1409 822 1474 Dom.
852 1411 885 1491 83
921 1428 1089 1492 „rernoveo
1123 1417 1305 1492 quaestura

379 1509 500 1589 quod“:
525 1508 598 1575 rio.
615 1511 671 1595 353
695 1527 900 1594 „summoveo
915 1513 1046 1599 honore,
1062 1514 1166 1580 Italia
1183 1517 1303 1596 quod“:

245 1688 248 1695 ¹
383 1612 434 1679 Ol.
458 1616 496 1698 93
518 1615 560 1679 A.
584 1614 636 1679 45.

204 1716 209 1757 ³
278 1715 411 1799 „relego
434 1715 554 1796 quod“:
578 1716 650 1784 Oal.
676 1717 732 1799 253
756 1717 807 1784 Ol.
831 1721 872 1784 38
880 1737 888 1800 ;
912 1719 992 1786 Ner.
1015 1721 1067 1786 35.

277 1822 446 1903 „extorres
470 1819 586 1903 oppido
609 1841 675 1903 ago
699 1821 819 1903 quod“:
844 1823 886 1889 A.
912 1824 961 1889 12.

277 1924 330 2008 „in
355 1943 518 1990 carcerem
542 1925 664 1992 conicio
688 1926 807 2006 quod“:
833 1927 870 1992 O.
897 1930 946 1993 17.

276 2028 417 2112 „hastae
441 2029 564 2095 subicio
587 2030 706 2110 quod“:
731 2032 773 2097 A.
797 2032 849 2096 24.

277 2130 436 2215 „canibus
460 2122 563 2198 obicio
586 2132 707 2212 quod“:
732 2133 828 2198 Dom.
854 2134 903 2198 10.

211 2224 221 2239 ’
273 2253 391 2319 „crura
415 2234 536 2318 frango
559 2236 679 2316 quod“:
703 2236 745 2300 A.
771 2238 827 2315 673
853 2234 925 2299 Tib.
949 2234 1001 2299 44.

274 2356 389 2421 „cruce
413 2339 526 2406 afficio
549 2341 668 2421 quod“:
693 2339 736 2406 G.
760 2341 791 2406 9.

274 2444 483 2527 „contrucido
506 2445 624 2525 quod“:
650 2444 723 2511 Cal.
747 2445 799 2509 48.

273 2544 446 2630 „interimo
470 2548 589 2629 quod“:
614 2549 664 2616 ol.
693 2553 747 2630 113
771 2546 840 2615 Vit.
869 2549 922 2626 14;
946 2548 1041 2612 Dom.
1067 2549 1116 2613 10.

273 2649 403 2734 „occido
423 2651 529 2732 (111001ιι
540 2652 578 2726 ¹):
612 2653 691 2718 Ner.
708 2655 744 2731 5;
768 2652 823 2731 353
849 2650 1133 2719 sexiesDom.10.
1158 2650 1303 2735 acapna

375 2756 475 2836 punio
498 2756 617 2837 quod“:
642 2757 721 2824 0111.
748 2760 780 2833 1;
808 2753 974 2839 „capitali
996 2773 1100 2836 poena
1124 2755 1303 2820 condemno

376 2859 494 2940 quod“:
519 2861 613 2925 Dom.
641 2861 703 2940 14.)

204 2959 397 3043 Exemplum
419 2968 554 3046 propter
576 2963 704 3028 dicendi
722 2962 919 3027 varietatem
936 2960 1075 3026 maxime
1091 2961 1303 3025 memorabile

114 3061 257 3144 legimus
288 3050 382 3132 Dom.
408 3069 462 3132 10:
492 3066 631 3152 „occidit
660 3072 692 3132 et
716 3065 906 3131 Helvidium
929 3064 1041 3141 filium,
1071 3063 1167 3144 quiesi
1191 3112 1301 3130 .....

113 3169 283 3248 laxassem
308 3168 457 3234 Flavium
480 3169 637 3236 Sabinum
654 3222 660 3237 .
679 3223 686 3236 .
704 3223 727 3253 .‚
750 3168 835 3249 quod
851 3220 858 3235 .
876 3220 882 3233 .
901 3220 908 3235 .
926 3220 933 3234 .
950 3165 1229 3249 prorrnrrtiasset“.

201 3270 254 3335 Ex
277 3272 443 3340 contrario
465 3275 547 3339 haec
570 3275 717 3356 exempla
741 3279 833 3339 snut:

269 3375 437 3459 „equestri
459 3376 627 3458 dignitate
648 3379 769 3442 honoro
793 3375 915 3457 quod“:
937 3376 981 3441 A.
1005 3377 1057 3440 ti.

147 3508 151 3515 ·
269 3479 436 3562 „praemia
470 3482 634 3546 constituo
661 3480 781 3560 quod“:
818 3480 856 3546 Ο.
887 3481 936 3545 17.
982 3477 1144 3562 („largior
1179 3476 1298 3557 quod“:

372 3582 445 3650 rio.
468 3587 525 3663 483
550 3585 653 3670 „dono
677 3583 795 3664 quod“:
821 3583 895 3650 Cal.
921 3581 995 3663 io).

269 3686 438 3772 „gratiam
465 3687 552 3752 facio
580 3686 770 3753 coniurandi
797 3705 855 3769 pro
884 3683 1036 3767 partibus
1066 3682 1148 3748 meis
1177 3681 1297 3763 quod“:

372 3789 413 3856 A.
441 3792 489 3856 17.

268 3892 484 3976 „manumitto
508 3893 626 3975 quod“:
649 3895 729 3960 Ner.
753 3897 783 3960 2.

200 4010 231 4092 c)
253 4011 334 4076 ι14111
356 4010 554 4077 mentionem
577 4012 663 4078 facio
686 4032 863 4095 paucorum
879 4013 1108 4097 exernplornm,
1131 4010 1299 4091 inquibus

112 4113 239 4198 „quor‘
261 4113 427 4195 particula
442 4117 651 4182 011111114111111
667 4117 894 4183 secundarium
909 4117 1120 4183 introducens
1137 4115 1180 4180 arl
1202 4134 1299 4197 prae·

112 4215 263 4283 cedentia
286 4219 476 4299 pronomina
501 4220 699 4288 correlative
723 4221 893 4287 referenda
917 4225 979 4288 est.

197 4443 220 4509 ¹)
241 4440 420 4497 Conferantnr
439 4442 478 4498 Cl.
498 4446 527 4500 1:
549 4447 599 4510 „et,
618 4443 682 4514 quia
700 4447 880 4511 cunctaretur,
898 4444 1104 4513 interceptum‘²
1127 4445 1154 4495 et
1172 4439 1232 4494 Ner.
1251 4442 1298 4496 35:

112 4528 290 4599 „privignum
313 4529 377 4600 quia
398 4529 536 4584 ferebatur
554 4572 559 4585 .
574 4573 580 4584 .
594 4570 614 4597 .‚
631 4531 805 4600 mergendum
824 4531 890 4585 mari
975 4529 1059 4584 serris
1077 4526 1163 4598 ipsius
1188 4526 1299 4579 deman-

110 4614 212 4672 derit“.

179 4714 183 4719 ,
1092 4701 1122 4754 2ss
