3046 5250
583 494 592 501 ,,
667 395 873 490 Ἀθη-

177 597 372 681 quibusdam
405 617 483 664 vero
501 651 507 663 .
526 651 532 664 .
550 651 556 664 .
576 651 581 663 .
604 599 737 682 exigere
771 599 996 687 temptaverit,
1030 600 1115 683 quod
1147 600 1328 683 neglegere
1344 600 1370 685 ¹)
1429 626 1432 633 ·

176 722 303 769 marum
326 702 467 784 pignera
491 702 688 770 sentiebat“.

264 831 294 902 c)
327 824 496 889 Medorum
531 823 684 910 mutatio,
718 843 816 908 quam
843 824 950 890 tribus
979 824 1013 889 in
1042 824 1198 906 exemplis
1225 825 1369 907 repperi,

177 928 259 993 adeo
291 946 356 993 non
390 932 441 993 est
475 927 701 1011 improbanda,
735 933 773 993 ut
797 928 973 994 Suetonius
999 934 1134 1011 propter
1155 927 1369 1008 diligentiam

176 1031 210 1095 iu
234 1030 407 1097 sententiis
432 1038 511 1114 apte
533 1030 742 1097 conectendis
776 1032 955 1097 exhibitam
990 1033 1130 1097 maxime
1160 1032 1205 1097 sit
1226 1031 1368 1097 laudan·

176 1136 246 1201 dus.
292 1136 382 1200 Bene
397 1134 482 1199 enim
498 1135 626 1199 ruodum
641 1134 783 1203 mutavit
800 1135 867 1201 Tit.
886 1139 920 1200 7:
944 1142 1121 1219 „suspecta
1144 1134 1178 1200 in
1202 1153 1239 1200 eo
1263 1135 1368 1199 etiam

178 1238 309 1303 luxuria
348 1243 438 1324 erat,
477 1240 562 1322 quod
664 1239 854 1304 extenderet
876 1290 949 1324 ...,
989 1244 1143 1319 suspecta
1182 1238 1367 1323 rapacitas

177 1342 261 1425 quod
284 1344 462 1409 constabat
485 1342 518 1407 in
542 1342 785 1425 cognitionibus
808 1342 916 1424 patris
931 1341 1108 1407 nundinari
1122 1342 1367 1425 praemiarique

176 1444 341 1511 solitum.“
385 1447 501 1529 Neque
535 1447 619 1512 enim
653 1449 713 1512 lroc
739 1446 848 1527 ipsum
872 1445 1068 1531 „constare“
1091 1464 1212 1530 eorum,
1245 1444 1367 1527 quibus

175 1548 346 1633 rapacitas
371 1556 528 1632 suspecta
553 1557 637 1627 erat,
663 1550 827 1615 sententia
852 1549 1000 1633 affertur,
1023 1549 1081 1614 sed
1102 1548 1184 1613 illud
1207 1548 1365 1633 „solitum

176 1654 280 1729 esse“,
316 1654 366 1719 ita
390 1661 427 1719 ut
451 1654 533 1720 haec
557 1655 601 1718 sit
625 1653 792 1719 enurntiati
819 1651 1046 1718 conformatio:
1083 1659 1238 1735 suspecta
1266 1656 1368 1734 rap'a-

176 1756 272 1835 citas,
296 1758 392 1842 quod,
414 1763 451 1823 ut
475 1759 662 1842 constabat,
686 1757 804 1823 solitus
828 1761 928 1827 esset.

263 1859 376 1926 Simile
398 1860 552 1943 quiddam
577 1860 720 1928 videmus
742 1861 782 1927 A.
802 1862 857 1924 24:
881 1860 1044 1944 „equitem
1062 1861 1256 1944 Romanum,
1278 1859 1368 1942 quod

175 1963 300 2028 duobus
323 1964 425 2029 filiis.
444 2017 451 2030 .
470 2016 499 2030 ..
518 1964 651 2046 pollices
676 1969 894 2047 amputasset,
921 1963 1027 2044 ipsum
1051 1964 1200 2044 bonaque
1223 1962 1367 2029 subiecit

175 2069 312 2149 hastae;
329 2087 422 2151 quem
435 2072 558 2152 tamen,
575 2068 659 2152 quod
670 2066 836 2133 imminere
848 2066 1004 2148 emptioni
1016 2066 1206 2149 publicanos
1219 2066 1366 2152 videbat,

174 2170 293 2236 liberto
318 2189 375 2235 suo
399 2170 558 2236 addixit.“

265 2276 405 2341 Uberius
439 2275 666 2341 ascribendum
699 2280 752 2340 est
789 2274 924 2339 tertium
958 2274 1149 2360 exemplum,
1183 2274 1276 2339 Dom.
1312 2279 1367 2340 lo:

175 2378 377 2463 „complures
413 2383 598 2463 senatores,
635 2378 669 2442 in
702 2377 744 2443 iis
778 2377 904 2461 aliquot
938 2378 1145 2461 consulares,
1181 2376 1366 2463 interemit3

175 2533 181 2545 .
201 2533 207 2546 .
226 2535 232 2548 .
251 2534 258 2548 .
275 2482 406 2546 Aelium
422 2481 576 2546 Lamiam
593 2484 632 2547 ob
657 2481 855 2563 suspiciosos
879 2481 1018 2565 quidem,
1041 2500 1154 2547 verum
1178 2490 1211 2547 et
1233 2485 1366 2547 veteres

174 2595 208 2650 et
245 2586 393 2650 innoxios
431 2585 534 2670 iocos,
575 2584 659 2669 quod
681 2637 686 2650 .
705 2637 737 2651 ..
759 2585 905 2670 dixerat,
944 2585 1091 2667 quodque
1112 2634 1119 2649 .
1137 2636 1143 2649 .
1162 2636 1168 2651 .
1189 2585 1367 2665 responde·

173 2699 278 2757 rat..
297 2741 321 2773 .,
345 2688 493 2755 Salvium
518 2688 746 2772 Cocceianum,
769 2689 854 2771 quod
871 2740 878 2754 .
896 2739 902 2752 .
921 2740 928 2754 .
945 2688 1185 2766 celebraverat3
1208 2687 1367 2752 Mettium

173 2792 440 2874 Pompusianum,
476 2792 562 2875 quod
578 2843 585 2856 .
603 2844 610 2858 .
629 2842 635 2854 .
653 2844 660 2858 .
677 2791 857 2876 ferebatur,
892 2797 925 2856 et
949 2791 1034 2874 quod
1051 2842 1057 2856 .
1075 2843 1082 2857 .
1101 2843 1108 2858 .
1125 2790 1365 2876 circumferret,

174 2896 321 2978 quodque
338 2948 345 2962 .
364 2948 370 2962 .
388 2949 395 2962 .
414 2949 421 2962 .
443 2895 632 2960 indidisset:
670 2893 867 2960 Sallustium
901 2896 1125 2960 Lucullum..
1144 2946 1169 2978 .,
1204 2893 1288 2973 quod
1306 2947 1314 2960 .
1333 2946 1367 2961 ..

173 3018 294 3080 passus
318 3004 423 3077 esset;
446 3001 471 3065 J
474 2998 583 3064 uirium
601 2998 787 3083 Rusticum,
811 2999 968 3081 quod...
988 3050 993 3063 .
1012 2997 1169 3063 edidisset
1192 2997 1363 3078 appellas-

175 3107 290 3184 setque
308 3153 314 3167 .
333 3153 340 3167 .
358 3102 398 3168 f‘.
443 3102 508 3183 Qui
536 3102 665 3185 quidem
699 3103 791 3168 locus
826 3102 953 3167 duabus
987 3102 1026 3166 de
1061 3103 1172 3167 causis
1207 3100 1366 3167 memoria

173 3205 294 3286 dignus
317 3209 380 3290 est,
403 3207 553 3287 primum,
577 3205 663 3288 quod
681 3205 858 3272 Suetonius
876 3225 974 3271 unam
991 3225 1127 3271 causam
1149 3205 1368 3271 necisldcttii

176 3309 391 3389 Pompusiani
424 3309 602 3375 indicativo
636 3310 729 3374 modo
752 3309 915 3395 adiungit,
943 3311 1070 3375 alteras
1094 3309 1299 3376 coniunctivo
1322 3349 1369 3360 —

173 3430 372 3495 quamquam
395 3418 520 3478 auctor.
545 3418 701 3496 utsupra
722 3413 799 3496 dixi,
824 3414 906 3478 scite
928 3414 1055 3478 modum
1078 3414 1131 3478 hic
1153 3399 1298 3479 mutavit
1323 3455 1366 3465 -

173 3516 288 3580 deinde
312 3515 416 3581 totius
440 3516 605 3581 cmmtiati
629 3517 843 3583 conformatio
861 3537 924 3582 non
940 3517 1046 3582 minus
1062 3517 1282 3583 memorabilis
1299 3526 1365 3603 est,

171 3619 256 3702 quod
272 3620 394 3702 partim
409 3620 581 3686 indicativi
596 3621 719 3702 partim
736 3620 935 3687 coniunctivi
950 3624 1165 3702 usurpantur:
1190 3620 1224 3685 in
1246 3620 1366 3702 priori-

172 3723 234 3786 bus
259 3722 344 3787 enim
366 3723 520 3788 membris
544 3743 584 3789 ex
605 3724 775 3790 narrantis
800 3723 965 3789 sententia
988 3723 1129 3805 legimus
1152 3724 1365 3810 indicativos,

171 3823 394 3893 corriunctivos
418 3827 451 3893 in
474 3828 711 3908 posterioribus
735 3847 774 3892 ex
796 3827 930 3909 agentis
955 3823 1093 3892 subiecti
1117 3827 1275 3909 opinione.

256 4052 277 4118 ¹)
305 4049 345 4105 Ne
364 4050 425 4120 quis
443 4051 470 4104 in
489 4051 620 4105 infinitivo
639 4051 718 4105 activi
738 4050 867 4116 offendat,
889 4050 932 4104 rel
951 4051 1023 4120 quod
1042 4049 1187 4104 Suetonius
1207 4065 1360 4119 pronomen

169 4140 250 4200 ‚‚eos“
270 4136 368 4203 omisit,
386 4137 441 4191 fere
460 4136 701 4193 innumerabilibus
716 4136 845 4207 excorplis
859 4138 1035 4207 comprobare
1049 4152 1170 4206 possum,
1189 4139 1362 4207 quantopere

168 4222 241 4275 lrunc
258 4237 338 4277 usum
356 4223 383 4276 in
403 4222 506 4279 deliciis
532 4223 658 4277 habuerit
676 4222 828 4278 Suetonius.
864 4222 955 4276 Pauca
981 4223 1061 4276 modo
1084 4222 1231 4277 ascribam:
1259 4222 1290 4279 Ο.
1309 4225 1360 4280 30:

170 4308 231 4374 „alii
249 4309 372 4363 timuisse
393 4311 441 4378 (sc.
460 4310 531 4376 enm)
552 4309 676 4367 dicrmt“:
699 4309 764 4364 item
783 4309 954 4364 accusativus
973 4309 1140 4380 pronominis
1159 4308 1362 4365 determinativi

170 4394 226 4464 „is“
246 4395 334 4449 deest:
355 4395 383 4450 Ο.
402 4397 449 4463 56;
469 4396 507 4452 01.
528 4400 574 4452 ll:
595 4399 639 4462 123
657 4394 689 4450 G.
709 4399 754 4463 23;
778 4395 839 4452 Oth.
859 4398 905 4462 103
924 4394 977 4450 Vit.
997 4395 1203 4466 10;Vesp.15.
1239 4395 1361 4466 Ellipsin

170 4482 337 4550 pronominis
364 4483 482 4537 reflexivi
508 4484 571 4549 ‚,se“
598 4483 731 4538 habemus
759 4483 797 4538 Cl.
816 4483 866 4540 4¹3:
893 4482 974 4553 Vesp.
995 4488 1025 4549 (ἐς
1052 4500 1085 4537 ex
1112 4483 1252 4537 enuntiato
1279 4499 1362 4552 prae-

168 4567 274 4622 cedenti
294 4573 357 4634 „se“
384 4569 601 4638 translsscrendum
627 4569 670 4623 vel
698 4569 874 4639 repetendum
903 4573 945 4623 est
970 4568 1048 4624 Dom.
1069 4571 1113 4624 10:
1146 4570 1209 4640 „qui
1236 4587 1275 4636 se,
1303 4586 1362 4641 quo

168 4651 273 4719 facilius
293 4655 340 4723 (sc.
361 4656 400 4722 sc)
420 4660 544 4725 exportes
563 4655 659 4725 culpae
679 4655 861 4722 ostenderent,
879 4655 1030 4725 impudicos
1049 4657 1259 4727 probaverunt.“
