3046 5250
604 354 809 449 „L

31 539 39 567 ³
109 555 144 621 in
165 575 299 621 numero
321 555 444 638 plurali
466 555 609 638 positum
632 561 695 643 est,
717 555 768 623 ita
790 562 830 621 ut
851 555 1053 638 reperiamus
1076 555 1157 640 „illa
1188 554 1306 643 quod‘,

112 659 162 725 Ol.
188 661 244 723 16:
267 658 422 743 „fuerunt
444 664 477 724 et
499 659 559 723 illa
582 659 617 724 in
639 678 778 725 censura
801 658 872 724 eius
896 657 1069 744 notabilia,
1092 659 1177 738 quod
1199 710 1207 726 .
1231 711 1240 727 .
1263 707 1272 725 .
1296 710 1304 725 .

111 761 304 845 imperavit3
328 763 476 842 quodque
500 812 508 828 .
533 816 540 832 .
564 815 573 831 .
597 815 605 830 .
628 762 833 844 proposuit.“

198 866 395 946 Plerumque
418 871 531 931 autem
554 866 730 932 Suetonius
754 884 931 948 pronomen
954 864 1250 931 demonstrativum
1271 865 1306 928 in

110 968 341 1035 enuntiatione
369 969 528 1051 primaria
556 969 684 1053 omisit,
717 968 751 1034 id
779 969 863 1049 quod
891 967 993 1035 etiam
1023 969 1215 1034 Giintherus
1237 968 1258 1034 l.
1282 967 1304 1032 l.

110 1094 146 1154 p.
170 1075 221 1140 92.
249 1072 289 1138 de
316 1071 516 1155 Quintiliani
548 1091 611 1137 usu
644 1073 741 1139 docet
774 1080 808 1138 et
840 1071 1005 1139 Reussius
1031 1071 1053 1138 l.
1077 1072 1099 1138 l.
1130 1092 1161 1153 p.
1184 1074 1237 1138 24.
1265 1071 1306 1136 dc

113 1177 263 1244 Taciteo.
308 1175 363 1242 Sic
385 1180 428 1244 A.
454 1178 509 1241 14:
533 1176 660 1262 „saluti
682 1177 746 1244 fuit
769 1180 828 1260 (sc.
852 1177 911 1261 id),
939 1176 1033 1260 quod,
1061 1176 1117 1256 qui
1140 1175 1306 1241 desidera-

111 1281 223 1366 batur,
245 1285 380 1362 repente
403 1279 587 1362 comparuit
616 1280 786 1346 incolumis
814 1300 854 1346 ac
880 1280 952 1345 sine
979 1279 1132 1344 iniuria“.
1181 1281 1225 1346 A.
1248 1281 1305 1345 88:

113 1403 212 1469 „uam
235 1383 320 1464 quod
343 1403 443 1466 saepe
575 1390 634 1450 aut
657 1390 825 1466 permutat
848 1389 907 1449 aut
931 1383 1104 1465 praeterit,
1128 1383 1306 1449 communis

112 1487 278 1552 hominum
301 1505 392 1553 error
414 1486 498 1552 est.“
544 1487 611 1553 Sed
631 1489 692 1553 hoo
714 1488 753 1553 de
775 1487 846 1552 loco
868 1487 956 1553 infra
981 1489 1041 1552 sub
1064 1488 1094 1572 I,
1117 1491 1148 1569 2,
1171 1487 1202 1573 d,
1229 1488 1306 1551 ube-

114 1591 185 1657 rius
202 1590 372 1656 dicendum
388 1597 450 1657 est.
474 1609 549 1655 cum
558 1590 946 1673 Baumgarten·Cr·usius
962 1590 1106 1673 elliptioo
1121 1590 1308 1673 particulae

116 1694 243 1780 „quod‘
266 1693 343 1759 usui
363 1693 416 1759 hic
439 1694 546 1759 locum
561 1693 697 1759 dederit.

203 1798 306 1863 Porro
336 1797 560 1865 nominativus
592 1797 668 1883 „id“
694 1797 859 1864 omittitur
892 1798 930 1867 d.
959 1798 1015 1863 50:
1052 1798 1307 1883 „exprobratum

117 1904 170 1966 est
203 1902 324 1987 quod“;
369 1902 406 1969 O.
437 1904 494 1968 68:
531 1900 741 1986 „testimonio
774 1907 841 1985 est,
882 1900 1001 1981 qnod“;
1051 1902 1094 1966 A.
1121 1903 1179 1967 51:
1212 1920 1308 1986 „oum

117 2003 312 2081 obiceretur,
336 2005 459 2086 quod“;
495 2005 569 2072 Tib.
594 2008 645 2072 61.
670 2011 704 2071 et
726 2005 779 2072 49.
803 2011 838 2071 et
860 2005 939 2069 Ner.
956 2006 1013 2071 37:
1038 2004 1221 2089 „obiectum
1244 2011 1309 2089 est,

117 2107 233 2186 quod‘.
290 2110 344 2173 Ex
369 2110 414 2177 li.
444 2108 580 2174 Antonii
607 2114 718 2174 autem
751 2106 894 2190 epistola
929 2105 973 2172 ad
1000 2108 1192 2190 Augustum
1226 2107 1309 2172 data

116 2212 202 2278 haec
222 2214 324 2278 verba
341 2218 419 2279 sunt
433 2213 476 2278 A.
493 2215 551 2279 69:
575 2213 675 2298 „quid
689 2217 725 2278 te
739 2211 893 2295 mutavit,
917 2211 1002 2292 quod
1016 2211 1169 2293 reginam
1190 2209 1308 2276 ἱιιειοῖ)ιι

204 2317 270 2382 His
293 2317 327 2382 in
349 2316 507 2399 exemplis
536 2316 779 2382 enuntiationes
808 2315 962 2380 causales
991 2334 1050 2396 pro
1081 2315 1226 2379 subiecto
1252 2333 1309 2395 po·

119 2418 207 2485 sitae
230 2427 316 2487 sunt.
374 2420 439 2486 Sed
466 2439 538 2485 oum
568 2419 762 2502 saepissime
784 2418 856 2484 fieri
879 2419 997 2502 soleat,
1030 2422 1067 2482 ut
1090 2417 1264 2483 enuntiata
1288 2437 1310 2482 a
1387 2408 1390 2427 ⁵
1428 2495 1433 2508 ⁹

119 2524 245 2610 „quod‘
268 2525 446 2607 pendentia
468 2523 589 2589 obiecti
610 2524 681 2590 vice
707 2523 901 2606 fungantur,
925 2520 1165 2601 Suetoniusque
1182 2539 1311 2602 semper

120 2630 346 2693 accusativum
379 2625 578 2709 pronominis
613 2626 645 2692 in
669 2632 830 2692 enuntato
857 2624 1014 2707 primario
1043 2618 1206 2703 dmiserit,
1240 2646 1310 2690 rem

120 2731 278 2813 exemplis
306 2733 517 2814 comprobare
542 2731 629 2797 nolo.
684 2732 758 2797 Hoc
791 2751 892 2795 inrum
925 2748 1146 2813 commemoro,
1179 2729 1310 2794 minime

119 2835 182 2899 huc
204 2835 368 2917 pertinere
391 2834 427 2905 C.
452 2837 503 2900 86.
553 2834 643 2899 Nam
674 2834 703 2898 si
725 2833 882 2916 legimus:
917 2832 1158 2918 „suspicionem
1182 2834 1311 2899 Caesar

119 2936 315 3018 quibusdam
345 2956 476 3004 suorum
505 2937 647 3019 reliquit,
682 2956 786 3016 neque
812 2936 956 3004 voluisse
984 2956 1020 3002 se
1048 2935 1173 3001 diutius
1201 2937 1311 3003 vivere

117 3059 220 3120 neque
242 3059 388 3125 curasse,
411 3041 494 3120 quod
518 3040 708 3107 valetudine
730 3039 837 3105 minus
859 3058 1020 3122 prospera
1036 3044 1200 3124 uteretur3
1221 3039 1308 3104 ideo-

120 3162 181 3223 que
204 3195 211 3208 .
236 3193 243 3206 .
268 3194 307 3211 ..
337 3143 557 3225 neglexisse.
582 3194 589 3209 .
614 3194 621 3208 .
646 3144 676 3228 “,
711 3156 800 3209 certe
832 3163 904 3209 cum
935 3143 1312 3224 Baumgarten-Orusio

119 3245 304 3313 iaciendum
337 3259 400 3330 est,
435 3246 490 3326 qui
522 3245 557 3310 in
586 3245 692 3312 indice
721 3248 781 3311 sub
808 3265 888 3314 voce
916 3248 1043 3331 „quod‘
1071 3253 1162 3312 recte
1184 3251 1309 3312 monet:

120 3369 221 3435 „care
237 3350 364 3435 „quod‘
378 3369 420 3414 ne
434 3348 561 3414 referas
577 3350 621 3414 ad
634 3368 745 3415 vocem
761 3360 960 3433 curassent
976 3351 1168 3416 Perizonius
1185 3351 1310 3415 erravit

120 3453 164 3517 ad
185 3451 297 3519 Sanct.
321 3455 438 3535 pola,
463 3453 512 3519 ed.
536 3451 687 3518 Scheid.“
730 3453 846 3534 Neque
869 3454 964 3538 enim,
988 3455 1073 3534 quod
1096 3455 1226 3520 Caesar
1246 3473 1310 3518 non

119 3557 300 3641 curaverit,
327 3554 528 3641 explicatur,
558 3556 615 3622 sed
644 3574 746 3621 causa
775 3556 919 3642 additur,
948 3576 1006 3622 cur
1030 3558 1158 3623 Caesar
1184 3556 1310 3622 diutius

119 3658 228 3727 vivere
251 3678 355 3739 neque
376 3658 518 3724 voluerit
540 3678 644 3739 neque
667 3659 843 3727 curaverit.

206 3761 362 3830 Genetivi
385 3762 543 3844 explicati
566 3761 628 3828 duo
651 3763 798 3845 exempla
823 3769 1006 3855 occurrunt.
1051 3765 1092 3829 A.
1111 3768 1144 3830 7:
1169 3763 1310 3849 „infanti

120 3885 298 3948 cognomen
315 3865 460 3932 Thurino
482 3865 621 3932 inditum
645 3872 697 3931 est
720 3867 753 3931 in
776 3866 963 3947 memoriam
988 3867 1147 3932 maiorum
1162 3867 1312 3952 originis,

120 3970 172 4035 vel
196 3968 281 4049 quod
304 3969 439 4050 regione
463 3969 611 4035 Thurina
634 3989 747 4034 recens
775 3989 813 4035 eo
839 3979 918 4036 nato
948 3976 1046 4051 pater
1068 3970 1230 4037 Octavius
1253 3970 1310 4035 ad-

119 4090 236 4139 versus
270 4071 429 4154 fugitivos
463 4092 532 4138 rem
566 4093 721 4155 prospere
749 4073 934 4157 gesserat,“
969 4073 1003 4138 id
1030 4081 1096 4138 est:
1132 4092 1333 4157 cognomen,

120 4176 259 4242 inditum
281 4183 333 4242 est
355 4177 388 4242 in
411 4177 600 4243 memoriam
622 4177 782 4243 maiorum
805 4177 956 4260 originis,
982 4177 1034 4244 vel
1062 4178 1096 4242 in
1123 4177 1311 4242 memoriam

121 4280 193 4346 eius
216 4280 265 4346 rei
288 4280 360 4362 (des
383 4281 599 4365 UmstandeS,
622 4281 763 4364 dessen),
799 4282 883 4361 quod
915 4286 1014 4363 pater
1048 4287 1081 4346 et
1109 4300 1193 4360 quae
1222 4299 1310 4360 sequ.

120 4384 207 4449 Item
242 4385 314 4451 Cal.
339 4387 394 4451 ab:
430 4384 687 4470 „poenitentiam
722 4385 882 4450 simulans
917 4390 975 4468 (sc.
1010 4385 1080 4451 eius
1114 4385 1192 4469 rei),
1228 4385 1313 4465 quod

120 4486 349 4569 principalium
372 4507 480 4553 rerum
502 4487 645 4570 privatis
668 4487 794 4569 copiam
817 4487 975 4556 faceret.“

207 4590 389 4657 Ablativus
413 4591 494 4677 „eo“
511 4591 753 4657 subaudiendus
778 4599 829 4658 est
852 4596 894 4660 A.
912 4596 966 4659 37:
991 4612 1071 4678 „nec
1095 4592 1312 4669 obtinuit...
