3046 5250
737 413 779 476 28

165 623 308 703 vocetur,
343 619 429 701 quod
461 617 592 701 antiqui
619 617 720 684 etiam
746 617 876 705 puellas
905 635 1036 702 pucras,
1072 616 1158 684 sicut
1180 622 1214 684 ct
1236 637 1360 701 pueros
1440 618 1447 623 ''

165 723 290 806 puellos
314 722 541 789 dictitarent“.
598 722 639 787 Iu
667 721 857 802 imperfecto
892 719 1128 805 ,‚dictitarent“
1157 740 1361 805 quamquam

166 826 263 910 inest,
298 845 356 891 cur
383 825 595 909 offendamus,
628 830 740 890 tamen
768 822 877 890 nescio
904 843 947 890 an
975 823 1133 890 facillime
1167 828 1360 890 excusetur:

167 928 345 995 Suetonius
361 948 425 994 non
439 947 509 994 rem
530 928 629 992 sanuel
652 927 779 993 factam
801 933 928 1003 narrat,
954 927 1012 992 sed
1028 927 1244 1011 antiquitatis
1260 946 1360 994 usum

157 1037 267 1115 ‘atquc
288 1051 424 1097 morem:
449 1031 534 1114 quod
557 1030 686 1115 antiqui
710 1082 717 1098 .
743 1082 749 1097 .
775 1082 781 1096 .
808 1083 815 1097 .
839 1029 1052 1098 dictitabant.

718 1659 737 1751 q
763 1565 800 1730 ¹2.

681 1874 834 2007 Quia.

251 2097 303 2163 Ne
320 2097 443 2163 diutius
465 2097 499 2164 in
522 2100 585 2165 hac
607 2100 772 2182 particula
795 2099 973 2166 tractanda
997 2118 1118 2176 verser,
1141 2119 1197 2165 eos
1220 2103 1358 2166 tantum

164 2200 253 2265 locos
276 2200 388 2282 affero,
411 2202 466 2282 qui
489 2203 532 2267 ad
554 2222 648 2269 usum
677 2202 913 2269 Suetonianum
936 2202 1179 2268 diiudicandum
1208 2202 1354 2269 maxime

166 2322 240 2368 csse
262 2303 369 2370 idonei
391 2304 551 2371 videntur.
602 2307 733 2391 Itaque,
755 2325 826 2371 cum
851 2306 1028 2372 Suetonius
1051 2305 1085 2370 in
1108 2305 1294 2373 universum
1319 2306 1357 2372 in
1377 2294 1381 2301 ’

165 2406 227 2472 hac
250 2406 414 2488 particula
438 2408 632 2490 proferenda
646 2409 827 2491 ¹vulgarem
843 2429 1022 2474 sermonem
1044 2404 1211 2489 sequatur,
1235 2409 1355 2475 omitto

165 2529 204 2575 ea
227 2512 386 2592 exempla,
409 2512 525 2592 quibus
547 2513 593 2578 nil
616 2512 681 2578 uisi
703 2533 813 2581 veram
830 2518 1017 2594 certamque
1033 2531 1170 2578 causam
1184 2512 1355 2595 particula

166 2615 284 2694 „quia‘
300 2615 377 2679 addi
393 2614 650 2683 demonstratur:
675 2617 715 2682 de
731 2617 772 2682 iis
788 2618 898 2700 potius
914 2635 1024 2700 agam,
1048 2636 1143 2697 quae,
1160 2615 1228 2682 siue
1243 2616 1354 2699 ipsius

165 2716 350 2799 particulae
373 2720 438 2785 vim
466 2721 696 2804 contemplaris
725 2722 793 2786 sive
821 2721 987 2786 modorum
1013 2721 1175 2786 rationem
1202 2720 1356 2803 respiciS,
1394 2710 1404 2721 ⁸

167 2822 469 2888 commemoratione
492 2843 555 2889 nou
577 2825 713 2908 indigna
738 2825 922 2892 videantur.

438 3065 459 3144 Ι.
499 3066 546 3146 be
575 3068 655 3166 ipsa
683 3069 808 3168 „quia“
837 3015 1091 3148 coniunctione.

260 3223 291 3303 1)
314 3224 426 3303 Atque
453 3222 591 3305 primum
615 3222 742 3303 quidem
766 3222 952 3304 particulae
975 3221 1096 3302 „quod‘
1119 3223 1154 3286 ct
1176 3219 1295 3302 „quia“
1320 3221 1356 3287 in
1441 3255 1447 3265 ·

167 3322 353 3389 universum
377 3326 512 3391 eandem
540 3325 605 3393 vim
634 3328 766 3400 babent,
794 3325 843 3391 ita
866 3330 903 3390 ut
927 3345 946 3390 a
971 3323 1186 3407 scriptoribus
1217 3324 1354 3406 saepius

166 3426 200 3491 in
222 3427 333 3492 eodem
349 3428 520 3494 entrntiato
537 3429 651 3495 eadem
666 3430 736 3495 vice
751 3429 928 3511 fungentes
944 3427 1126 3517 promiscue
1142 3432 1355 3509 usurpentur.

165 3529 356 3613 Draegerus
365 3533 388 3613 1)
411 3538 545 3613 praeter
567 3533 636 3598 alia
658 3533 755 3598 huius
778 3551 858 3598 usus
874 3531 1021 3612 exempla
1038 3550 1078 3595 ex
1093 3529 1182 3597 Livii
1196 3530 1236 3611 V,
1252 3532 1305 3604 41,
1321 3532 1353 3596 4.

166 3632 275 3700 affert:
299 3635 425 3717 „Galli
448 3643 481 3700 et
504 3635 581 3715 quia
604 3635 801 3717 interposita
824 3639 919 3700 nocte
941 3654 961 3700 a
985 3633 1192 3700 contentione
1220 3650 1355 3716 pugnae

165 3736 362 3803 remiserant
390 3739 533 3823 animoa,
567 3745 600 3807 et
623 3731 707 3820 quod
728 3760 787 3806 nec
809 3739 843 3805 in
867 3739 938 3804 acie
961 3738 1100 3821 ancipiti
1122 3756 1260 3818 usquam
1282 3755 1356 3803 cer·

165 3846 321 3906 taverant
348 3841 471 3923 proelio
498 3863 557 3908 nec
585 3896 624 3911 ..
650 3844 887 3925 ..capiebant
915 3843 1024 3908 urbem
1029 3893 1166 3919 .....
1190 3840 1260 3907 sine
1288 3839 1353 3922 ira,

166 3942 235 4009 sine
258 3946 374 4010 ardore
396 3945 576 4012 animorum
599 3947 742 4030 ingressi
765 3997 772 4013 .
798 4000 805 4013 .
831 3999 837 4012 .
863 3999 869 4012 .
893 3945 1116 4029 perveniunt.“
1153 3945 1259 4028 Quam
1273 3964 1354 4026 par·

165 4045 341 4112 ticularum
363 4050 648 4116 commutationem
665 4049 754 4132 apud
769 4049 960 4116 Suetonium
976 4067 1175 4130 quamquam
1189 4046 1224 4113 in
1239 4048 1354 4114 eodem

165 4151 335 4216 enuntiato
364 4171 427 4217 non
454 4153 574 4234 inveni,
606 4161 719 4219 tamen
749 4152 855 4218 simile
883 4151 1036 4233 quiddam
1066 4151 1182 4217 afferre
1204 4168 1353 4232 possum.

166 4252 342 4320 Suetonius
366 4255 462 4337 euim,
493 4276 566 4322 eum
594 4256 764 4339 scripserit
788 4256 861 4324 Cal.
885 4258 920 4321 9:
949 4255 1151 4338 „Caligulae
1173 4271 1356 4336 cognomen

165 4357 328 4423 castrensi
362 4359 431 4424 ioco
465 4359 579 4442 traxit,
614 4359 690 4440 quia
726 4358 944 4440 manipulario
977 4358 1095 4424 habitu
1117 4357 1205 4423 iuter
1227 4355 1354 4424 milites

165 4459 399 4538 educabatur,“
422 4462 525 4528 eidem
548 4462 675 4530 dicendi
697 4462 855 4529 formulae
879 4481 1014 4528 causam
1037 4460 1202 4544 particula
1225 4461 1357 4543 „quod‘

165 4601 370 4612 ————

250 4669 271 4735 1)
291 4667 306 4721 1.
326 4667 342 4722 1.
362 4668 395 4738 u,
414 4671 428 4738 q
446 4671 505 4725 aar.
