3046 5250
720 507 739 512 ..
796 417 832 482 '8
869 506 925 511 ...-

228 623 374 704 gratiam
408 622 518 688 facere
550 622 705 688 nonalia
730 621 896 704 magis're
919 622 1106 704 compulsus
1130 621 1293 705 credatur,
1316 640 1414 701 quarn

229 729 289 797 isc.
312 745 352 792 ea
375 745 409 791 re
436 728 635 809 compulsus)
670 726 756 806 quod
789 725 899 807 sparsi
925 725 1028 790 libelli
1050 779 1057 791 .
1076 778 1082 790 .
1157 725 1285 792 111111.ιί
1329 727 1415 789 Item
1495 754 1501 763 ·

229 829 296 895 Vit.
320 832 351 894 4.
980 906 984 914 ,
1401 845 1405 852 ’

312 931 378 996 His
401 930 482 997 locis
507 930 691 996 simillimus
714 933 766 997 hio
794 937 856 1016 est,
890 932 983 997 cuius
1016 932 1249 1013 interpretatio
1284 929 1411 1011 quidem

226 1054 290 1100 non
312 1036 411 1117 plane
435 1047 526 1101 certa
549 1043 612 1118 est,
634 1036 715 1104 Ner.
738 1037 794 1100 41:
831 1040 961 1120 „cetera
986 1034 1143 1119 convicia,
1166 1041 1204 1099 ut
1226 1034 1325 1110 falsa,
1349 1030 1411 1099 non

227 1137 292 1203 alio
308 1144 503 1222 argumento
519 1138 704 1223 refellebat,
727 1157 824 1218 quam
848 1141 907 1221 (sc.
924 1158 961 1203 eo
978 1138 1187 1220 argumento)
1211 1137 1411 1218 quodetiam

225 1241 360 1308 inscitia
395 1242 459 1308 sibi
491 1248 589 1308 tanto
623 1261 720 1323 opere
746 1241 940 1306 elaboratae
963 1243 1195 1323 perfectaeque
1223 1262 1243 1306 a
1267 1260 1302 1306 se
1326 1240 1410 1305 artis

226 1344 439 1412 obiceretur.“
494 1346 587 1428 Quae
625 1345 753 1425 quidem
789 1345 890 1410 verba
928 1345 1059 1410 Bremio
1093 1351 1227 1409 auctore
1260 1344 1344 1409 hunc
1377 1343 1412 1409 in

224 1449 353 1513 modum
386 1449 532 1530 accipias
566 1447 678 1515 velim:
714 1452 846 1532 „cetera
869 1444 1027 1523 convicia,
1061 1452 1098 1511 ut
1120 1446 1221 1524 falsa,
1258 1464 1321 1511 non
1344 1447 1411 1511 alio

225 1559 421 1634 argumento
455 1551 641 1634 refellebat,
675 1569 773 1630 quam
806 1551 866 1614 hoc
888 1556 1099 1632 argumento:
1134 1549 1241 1615 omnia
1264 1549 1409 1616 convicia

224 1653 311 1720 falsa
335 1674 418 1739 esse,
441 1654 507 1719 iam
532 1654 607 1719 inde
629 1655 835 1736 perspicuum
857 1672 941 1739 esse,
964 1654 1048 1735 quod
1070 1653 1171 1719 etiam
1189 1653 1323 1719 inscitia
1347 1653 1410 1718 sibi

224 1756 309 1823 artis
344 1757 586 1824 citharoedicae
620 1756 832 1823 obiceretur.“
882 1757 997 1837 Neque
1024 1757 1130 1822 minus
1159 1764 1238 1839 apte
1259 1757 1313 1823 hic
1335 1777 1409 1823 con·

223 1860 390 1926 ferendum
420 1868 500 1942 puto
533 1862 612 1926 Ner.
629 1863 686 1926 30:
727 1861 910 1945 „laudabat
933 1862 1178 1941 mirabaturque
1209 1862 1405 1927 avunculum

219 1962 345 2030 Gaium
371 1965 460 2030 nullo
488 1964 597 2046 magis
624 1963 761 2041 nomine,
797 1983 893 2045 quam
922 1965 981 2047 (so.
1005 1965 1057 2047 eo)
1081 1965 1165 2045 quod
1182 2018 1188 2030 .
1207 2018 1214 2031 .
1232 2017 1238 2030 .
1256 2017 1263 2031 .
1284 1965 1406 2047 -prode-

220 2065 364 2147 ·gisset.“
1267 2113 1270 2117 -

309 2169 561 2236 Substantivum
584 2189 624 2235 ex
645 2170 888 2252 praepositione
912 2170 994 2255 „de“
1011 2190 1207 2253 suspensum
1226 2171 1411 2253 explicatur

224 2273 296 2340 Cal.
320 2276 377 2338 35:
422 2274 669 2359 „Ptolemaeum
686 2326 693 2341 .
711 2325 718 2340 .
737 2324 769 2340 ..
792 2294 856 2339 non
886 2275 955 2340 alia
983 2276 1022 2340 de
1051 2295 1153 2341 causa
1182 2289 1315 2358 repente
1337 2295 1413 2357 per·.

223 2375 337 2461 cussit,
361 2396 458 2457 quam
474 2377 558 2457 quod
575 2429 582 2444 .
600 2429 608 2443 .
625 2429 633 2444 .
650 2430 658 2445 .
682 2377 948 2445 animadvertas
981 2380 1034 2443 Ex
1049 2379 1320 2460 praecedentibus
1337 2397 1409 2444 ver-

222 2479 274 2544 bis
302 2499 385 2565 „non
412 2480 480 2546 alia
504 2481 542 2544 de
567 2481 1086 2565 1111111111,111111111111
1116 2482 1298 2563 supplenda
1333 2487 1409 2547 sunt

223 2602 284 2667 „ea
308 2583 347 2648 de
370 2583 504 2649 causa“.
639 2573 647 2583 ’
880 2596 885 2604 “

309 2687 360 2751 De
393 2687 445 2771 iis,
472 2706 556 2767 quae
584 2687 723 2769 legimus
758 2690 799 2755 A.
829 2690 884 2754 66:
925 2687 1147 2771 „desideravit
1178 2707 1409 2769 nonnunquam

224 2789 269 2853 M.
292 2789 467 2872 Agrippae
500 2791 698 2871 patientiam
729 2795 762 2855 et
784 2790 992 2857 Maecenatis
1027 2790 1303 2875 taciturnitatem,
1337 2811 1408 2855 cum

228 2891 283 2956 ille
306 2911 347 2967 ex
367 2891 433 2958 levi
455 2892 589 2974 frigoris
613 2893 807 2978 suspicione,
841 2898 875 2959 et
909 2893 993 2974 quod
1015 2894 1193 2959 Marcellus
1228 2893 1291 2958 sibi
1316 2903 1409 2958 ante·

225 2993 378 3080 ferretur,
407 2997 589 3081 Mytilenas
625 3017 659 3061 se
676 3049 684 3064 .
701 3049 707 3063 .
727 3049 733 3062 .
764 2997 972 3082 contulisset,
1006 2997 1058 3062 hio
1075 3050 1082 3063 .
1100 3049 1107 3063 .
1125 3049 1131 3062 .
1151 3049 1158 3063 .
1175 2996 1408 3078 prodidisset“,

224 3099 333 3163 tacere
356 3119 420 3165 non
442 3119 585 3183 possum,
610 3101 687 3180 quin
709 3120 816 3182 prauca
839 3107 1002 3166 annotem.
1047 3099 1140 3165 Nihil
1164 3101 1236 3165 dico
1259 3100 1298 3165 de
1321 3118 1408 3165 men·

224 3201 305 3266 dosa
328 3202 473 3268 codicum
497 3202 660 3285 scriptura
684 3203 856 3287 „rigoris“,
890 3222 948 3284 pro
971 3222 1036 3283 qua
1059 3201 1129 3276 sine
1153 3201 1249 3267 dubio
1272 3202 1408 3284 Lipsius

223 3304 345 3386 optime
357 3307 391 3371 in
406 3313 500 3372 textu
515 3306 689 3372 collocarit
704 3306 881 3391 „trigoris‘
898 3307 1089 3390 „Abnahme
1105 3307 1162 3370 der
1173 3305 1409 3391 Zuneignng“;

224 3408 282 3472 sed
303 3409 432 3474 Bremio
456 3410 701 3475 assentiendum
725 3429 799 3474 esse
821 3428 916 3494 nego,
940 3411 995 3489 qui
1015 3408 1124 3474 verbis
1149 3416 1203 3493 „et
1226 3409 1311 3489 quod
1336 3462 1342 3474 .
1368 3460 1376 3474 .
1400 3461 1407 3475 .

224 3512 466 3578 anteferretur“
490 3523 656 3579 auctorem
678 3513 760 3578 nihil
793 3513 859 3578 nisi
893 3532 1002 3580 vocem
1036 3513 1214 3597 „frigoris‘
1244 3513 1409 3594 explicare

222 3615 307 3679 velle
330 3615 420 3700 dicit,
454 3636 647 3697 quamquam
683 3616 833 3701 concedo,
867 3616 1067 3682 aSuetonio
1092 3616 1285 3698 saepissime
1307 3616 1408 3681 rerba

223 3718 273 3783 ita
296 3719 460 3801 coniungi,
485 3726 523 3785 ut
546 3721 757 3800 sequentibus
780 3719 900 3804 verbis,
923 3719 1088 3801 particula
1112 3720 1255 3800 quadam
1277 3719 1409 3801 copula·

223 3822 293 3889 tiva
316 3824 369 3890 vel
392 3823 479 3888 alius
503 3823 634 3905 generis
657 3823 863 3908 introductis,
886 3842 936 3907 ea,
970 3842 1054 3903 quae
1077 3823 1288 3908 praecedunt,
1312 3841 1408 3887 accu-

222 3925 331 3990 ratius
365 3925 574 3993 definiantur.
619 3927 728 3992 Unum
751 3926 943 4009 alterumve,
978 3943 1019 3989 ne
1041 3924 1160 4007 longus
1184 3925 1254 4003 sim,
1289 3944 1409 4007 ponam

224 4048 264 4093 ex
286 4027 416 4095 infinita
440 4030 509 4095 fere
532 4029 626 4112 copia
649 4030 830 4110 exemplum
852 4028 993 4094 maxime
1015 4029 1173 4094 idoneum.

311 4134 346 4199 O.
372 4135 427 4199 68:
464 4133 691 4218 „centuriones
720 4132 876 4212 cuiusque
903 4131 1044 4214 legionis
1068 4131 1216 4214 singulos
1240 4132 1367 4214 equites
1390 4151 1409 4197 e

222 4234 344 4301 viatico
380 4256 438 4301 suo
472 4236 675 4313 obtulerunt.¹
716 4234 860 4300 universi
893 4234 1016 4300 milites
1052 4235 1236 4316 gratuitam
1270 4242 1304 4301 et
1329 4228 1408 4299 ¹sine

222 4337 385 4404 frumento
409 4339 636 4421 stipendioque
646 4324 814 4421 operamf‘
859 4337 1021 4404 Gratuita
1038 4356 1136 4419 opera
1153 4337 1293 4403 militum
1310 4357 1408 4420 opera

223 4441 293 4506 sine
316 4442 479 4508 frumento
503 4442 729 4524 stipendioque
752 4445 815 4507 est.

308 4548 350 4612 A.
377 4549 431 4611 14:
467 4545 659 4631 „incolumis
694 4564 734 4610 ao
762 4544 832 4609 sine
861 4542 1015 4608 iniuriat
1060 4542 1237 4608 Incolumis
1262 4542 1408 4610 estsine

223 4667 353 4714 iniuria.
