3046 5250
203 2005 321 2104 Usum
336 2043 436 2118 atque
452 2039 668 2105 elocutionem
685 2038 920 2105 Suetonianam
936 2059 1134 2120 quamquam
1150 2040 1306 2118 Thimm¹)

117 2144 152 2205 et
174 2141 322 2222 Bagge²l
352 2160 449 2222 quam
472 2140 728 2224 diligentissime
755 2146 855 2221 atque
883 2141 1074 2207 acutissime
1103 2143 1307 2223 perscrutati

118 2249 212 2327 sunt,
240 2250 368 2329 tamen,
396 2264 469 2309 curn
495 2246 648 2311 universo
677 2243 826 2310 Suetonii
853 2244 980 2310 dicendi
1007 2245 1120 2326 generi
1146 2247 1308 2326 pervesti-

117 2347 226 2428 gando
249 2366 383 2429 operam
405 2353 579 2434 navarent,
602 2347 707 2413 multa
730 2352 764 2413 et
787 2347 966 2413 omisenmt
988 2353 1023 2414 et
1044 2348 1152 2413 minus
1176 2348 1307 2431 copiose

116 2459 344 2532 exposuerunt.
389 2452 442 2517 De
465 2451 727 2516 coniunctionum
749 2470 812 2516 usu
834 2450 868 2515 in
890 2449 984 2517 libris
1007 2470 1118 2516 eorum
1140 2450 1210 2518 fere
1223 2451 1307 2516 nihil

114 2552 248 2636 legitur.
298 2555 429 2640 Itaque,
453 2555 538 2635 quod
561 2553 819 2635 disputationem
842 2554 972 2636 suscepi
999 2553 1243 2637 diligentiorem
1266 2555 1307 2620 de

113 2656 376 2723 coniunctionum
410 2658 595 2723 causalium
629 2657 718 2739 apud
751 2657 942 2723 Suetonium
975 2676 1054 2742 usu,
1087 2677 1128 2722 00
1162 2657 1308 2723 studium

116 2764 216 2840 atque
236 2761 382 2826 laborem
404 2760 603 2842 profuderim
626 2767 686 2825 aut
708 2760 915 2845 perdiderim,
936 2778 1001 2824 000
1023 2779 1147 2827 vereor.
1192 2762 1308 2841 Neque

115 2863 209 2941 enim,
234 2864 385 2944 quoniam
408 2863 473 2929 nisi
497 2864 638 2947 singulis
660 2864 894 2946 persequendis
916 2863 1124 2946 disciplinam
1141 2885 1310 2947 gramma·
1333 2885 1338 2892 ·

113 2966 215 3033 ticam
253 2972 409 3033 accurate
442 2966 618 3033 fundatam
652 2967 779 3032 exstrui
811 2987 876 3032 000
909 2986 1006 3049 posse
1039 2965 1127 3033 inter
1158 2968 1307 3034 homines

114 3071 227 3136 doctos
250 3078 393 3157 constat,
421 3070 500 3137 mihi
529 3070 730 3154 persuadere
752 3090 896 3155 possum,
925 3090 1043 3153 operae
1070 3073 1212 3152 pretium
1240 3091 1306 3138 non

113 3193 202 3259 esse,
235 3176 352 3241 harum
384 3174 625 3258 particularum
652 3194 764 3260 usum,
798 3179 835 3239 ut
868 3175 966 3257 plane
993 3173 1196 3256 dilucideque
1224 3182 1304 3243 ante

116 3279 226 3343 oculos
248 3284 409 3364 versetur,
431 3279 622 3361 patefacere
640 3272 747 3358 'atque
769 3277 949 3343 illustrare.

197 3399 252 3464 Ab
274 3401 338 3465 hac
360 3400 584 3482 disputatione
611 3399 724 3480 procul
752 3417 827 3464 esse
854 3397 942 3466 volui
969 3416 1043 3463 eam
1069 3404 1199 3480 partem
1226 3398 1304 3465 libri

10 3500 12 3505 ’
112 3499 271 3587 Suetonii,
306 3503 360 3584 qui
388 3503 449 3589 „de
475 3501 662 3568 illustribus
685 3500 786 3569 01010ιζ
809 3500 1012 3586 inscribitur,
1046 3521 1131 3583 0000
1158 3507 1306 3569 aetatem

111 3605 205 3681 tulit;
229 3624 307 3671 nam
329 3606 412 3672 adeo
434 3606 591 3672 mutilata
615 3610 716 3687 atque
738 3604 860 3687 exigua
882 3609 950 3689 est,
969 3610 1006 3671 ut
1028 3605 1105 3671 huic
1120 3605 1308 3686 quaestioni

112 3709 310 3775 tractandae
332 3728 396 3774 000
420 3709 506 3775 satis
529 3708 605 3773 usui
628 3727 702 3774 esse
724 3707 840 3789 possit.
885 3707 1018 3793 Libros,
1039 3713 1077 3773 ut
1096 3709 1157 3774 hoc
1172 3709 1305 3794 addam,

112 3813 291 3893 exquibus
313 3814 399 3879 hanc
421 3811 677 3896 disputationem
699 3830 892 3893 componens
915 3812 1057 3878 i‘ructum
1079 3812 1220 3897 percepi,
1244 3831 1304 3878 suo

112 3934 269 3996 quemque
301 3916 371 3982 loco
404 3916 563 3996 indicavi;
598 3916 745 3996 exempla
780 3919 892 3980 autem
920 3914 1029 3980 allata
1057 3916 1101 3981 ad
1128 3915 1304 3981 editionem

112 4018 227 4084 Rothii
249 4018 407 4105 expressi,
436 4040 457 4085 a
481 4037 543 4100 quo
565 4023 687 4098 tamen,
718 4017 747 4083 si
769 4017 842 4098 quis
866 4017 1138 4100 orthographiam
1160 4024 1306 4103 spectat,

115 4121 248 4204 saepius
272 4122 420 4208 discessi,
455 4121 545 4206 quia,
578 4121 696 4201 ubique
718 4120 875 4185 librorum
898 4118 1094 4185 auctoritati
1117 4120 1304 4206 obsecutus,

19 4224 23 4229 ’
112 4243 177 4291 000
199 4232 325 4292 certum
347 4227 491 4308 aliquem
514 4224 678 4291 scribendi
700 4222 828 4288 modum
851 4222 1028 4306 retinuiu).

182 4434 191 4470 ¹
226 4431 282 4494 „De
299 4447 351 4485 usu
370 4434 452 4501 atque
471 4429 623 4485 elocutione
642 4429 671 4485 G.
690 4428 813 4484 Suetonii
832 4427 999 4497 'l'ranquilli“
1019 4426 1191 4496 Regiomonti
1210 4431 1287 4485 1861.

182 4517 193 4555 ²
226 4519 283 4581 „De
302 4516 454 4570 elocutione
473 4515 502 4573 O.
523 4514 647 4571 Suetonii
666 4513 834 4584 'Tranquilli‘
854 4512 972 4583 Upsalae
992 4515 1067 4570 1815.

10 4588 27 4655 3.
110 4648 114 4655 .
180 4604 203 4672 3)
223 4603 339 4657 Rothius
357 4603 385 4656 in
404 4602 489 4673 prael.
509 4620 535 4672 p.
554 4600 671 4657 XXXVI.
