3046 5250
651 342 858 442 Q-

162 549 205 615 A.
228 550 283 614 98:
309 553 478 633 „vectores
501 554 687 628 nautaeque
703 550 742 614 de
757 549 836 614 navi
853 548 1087 633 Alexandrina,
1110 567 1195 631 quae
1217 550 1348 612 tantum

162 653 247 734 quod
270 652 531 736 appulerat...
550 651 711 718 ,eximias
734 652 850 718 laudes
873 651 1143 735 congesserant.“

249 773 282 849 d)
310 775 393 839 Post
420 774 520 839 verba
550 772 719 857 ‚,accedit“
744 772 871 857 „add0“
907 770 1029 839 similia
1058 774 1118 838 aut
1145 776 1221 854 post
1249 772 1349 836 verba

165 876 435 961 „praetereundi‘
459 875 510 942 his
537 875 570 941 in
598 875 693 941 libris
721 877 922 958 particulam
950 876 1076 961 „quod‘
1103 895 1167 940 non
1193 875 1350 956 legimus;

163 998 267 1059 neque
289 986 365 1062 post
386 981 522 1045 verbum
550 980 681 1058 „facid‘
710 997 781 1045 cum
811 978 965 1045 adverbio
999 978 1109 1059 aliquo
1144 978 1351 1043 coniunctum

164 1083 231 1149 nisi
253 1087 295 1151 A.
319 1085 382 1167 64,
405 1102 468 1164 quo
490 1084 560 1149 loco
585 1083 726 1166 scriptor
747 1103 810 1149 non
840 1084 911 1166 ipse
939 1082 1094 1167 loquitur,
1123 1081 1181 1147 sed
1203 1079 1353 1162 Augusti

165 1187 265 1252 verba
295 1187 412 1271 tradit,
440 1186 496 1268 qui
521 1185 724 1251 nobilissimo
753 1184 883 1250 cuidam
910 1182 1020 1250 iuveni
1050 1183 1179 1249 scribit:
1215 1202 1354 1267 „parum

166 1289 312 1355 modeste
349 1289 468 1356 fecisse
505 1309 593 1373 eum,
631 1289 716 1368 quod
752 1286 855 1352 filiam
892 1306 987 1352 suam
1024 1286 1129 1353 Baias
1168 1287 1354 1352 salutatum

167 1393 344 1459 venisset.“

253 1516 283 1596 e)
312 1512 425 1593 Digna
453 1517 637 1597 praeterea,
667 1532 751 1594 quae
784 1510 904 1578 iterum
938 1517 1242 1598 commemorentur,
1276 1519 1354 1578 sunt

167 1603 229 1682 dno
252 1617 410 1698 exempla,
434 1636 519 1697 quac
542 1637 562 1681 a
585 1616 683 1683 latini
714 1615 873 1682 sermonis
902 1616 1034 1700 legibus
1065 1615 1175 1682 aliena
1205 1635 1279 1682 esse
1306 1617 1354 1682 vi·

168 1721 296 1787 dentur.
330 1719 482 1801 ,Saepius
512 1719 599 1785 enim
621 1721 709 1802 apud
736 1719 928 1802 posterioris
957 1719 1084 1786 aetatis
1114 1720 1291 1807 scriptores
1315 1756 1357 1767 -—

169 1841 365 1905 quamquam
394 1830 435 1888 ne
467 1821 632 1905 prioribus
667 1823 795 1904 quidem
830 1822 882 1888 hic
915 1842 995 1889 usus
1033 1824 1162 1890 omnino
1195 1826 1288 1890 deest
1315 1861 1357 1871 —

168 1930 244 2009 post
259 1927 360 1993 verba
376 1926 582 2010 ‚‚scntiendi“
597 1932 657 1993 aut
680 1927 912 2010 „declarandi‘
935 1925 1135 2008 particulam
1158 1928 1285 2013 „quod‘'·
1308 1929 1356 1994 in·

169 2030 326 2095 venimus.
371 2029 549 2095 Ktibnenus
558 2030 582 2108 1)
605 2036 639 2097 ct
667 2029 892 2113 Draegerus²)
925 2031 1013 2096 inter
1036 2032 1184 2114 exempla
1212 2052 1252 2097 ex
1280 2032 1357 2098 aliis

85 2200 91 2217 ‚
172 2132 386 2215 scriptoribus
424 2132 532 2215 petita
571 2154 611 2199 ex
648 2133 797 2199 Suetonii
830 2132 965 2216 scriptis
1000 2134 1051 2200 Ol.
1080 2137 1131 2201 29.
1165 2140 1200 2200 et
1235 2134 1303 2202 Tit.
1327 2140 1356 2202 8.

171 2234 324 2303 afferunt.
362 2237 455 2320 Quae
479 2236 606 2317 quidem
630 2235 778 2318 exempla
800 2255 997 2316 quamquam
1020 2237 1120 2320 paulo
1142 2238 1358 2304 insolentiora

171 2326 245 2431 esse
259 2341 422 2424 videntur,
439 2348 561 2426 tamen,
584 2340 662 2421 quia
676 2339 802 2423 „quod‘
818 2339 983 2421 particula
999 2339 1155 2406 facillime
1171 2353 1358 2426 excusatur,
1379 2356 1387 2361 ··

171 2463 235 2529 non
267 2444 365 2510 nimis
393 2445 543 2527 graviter
574 2444 608 2509 in
643 2428 969 2511 Suetoninm'i'nvehi
998 2430 1161 2511 debemus,
1211 2442 1249 2511 Si
1274 2444 1360 2510 011111

172 2547 313 2629 legimus
327 2547 377 2615 Ol.
390 2551 446 2613 29:
472 2568 569 2632 „nam
584 2546 666 2613 illud
689 2567 815 2612 omnem
837 2547 934 2613 fidem
957 2547 1146 2623 excesserit,
1172 2548 1256 2628 quod
1278 2567 1360 2630 nup·

117 2660 120 2667 ’
171 2650 242 2733 tiis,
265 2669 348 2730 quas
372 2650 555 2716 Messalina
579 2669 652 2716 curn
676 2649 828 2715 adultero
850 2648 932 2715 Silio
947 2649 1084 2735 fecerat,
1104 2651 1249 2716 tabellas
1273 2650 1360 2715 dotis

173 2759 207 2820 et
222 2751 293 2836 ipse
305 2753 583 2839 consignaverit“,
604 2756 705 2820 verba
721 2772 870 2839 „omnem
885 2754 980 2818 fidem
997 2754 1198 2820 excesserit“
1214 2754 1361 2836 profecto

172 2857 255 2922 nibil
289 2856 490 2940 significant,
514 2856 579 2922 nisi
612 2856 689 2942 „vix
716 2855 869 2922 credibile
892 2856 1031 2935 fuerit;“
1069 2858 1126 2924 sed
1156 2877 1229 2924 cum
1262 2878 1362 2923 enun-

174 2960 261 3027 tiato
280 3014 283 3019 .
303 2981 343 3026 cx
384 2961 509 3046 „quod‘
553 2979 713 3043 suspenso
751 2960 917 3026 enuntiati
954 2960 1148 3044 principalis
1166 3035 1169 3041 ,
1186 2981 1362 3045 pronomen

174 3062 298 3149 „illud‘
327 3064 498 3147 explanari
525 3064 598 3129 lucc
625 3064 748 3130 clarius
784 3064 840 3148 sit,
874 3069 1043 3130 auctorem
1069 3064 1262 3132 accusativo
1289 3084 1363 3130 curn

175 3166 336 3234 infinitivo
360 3185 455 3232 usum
476 3186 540 3233 non
562 3186 645 3252 esse,
668 3186 804 3249 prorsus
827 3187 893 3233 non
915 3167 1118 3234 mirabimur.
1162 3169 1255 3235 Idem
1271 3169 1361 3234 cadit

176 3271 211 3337 in
238 3271 379 3337 alterum
407 3271 524 3355 locum,
553 3272 620 3337 uit.
644 3273 687 3353 8.,
717 3290 779 3351 quo
803 3290 976 3353 pronomen
1000 3273 1295 3339 demonstrativum
1323 3294 1363 3339 ex

178 3393 241 3441 usu
256 3367 405 3440 Suetonii
428 3375 583 3439 omissum
606 3374 705 3440 facile
728 3375 938 3440 subauditur:
964 3375 1178 3459 „recordatus
1201 3376 1363 3457 quondam

179 3496 279 3559 super
311 3496 435 3563 cenam,
470 3477 554 3558 quod
576 3477 658 3543 111111
681 3478 832 3558 cuiquam
855 3484 926 3544 toto
950 3479 1001 3543 die
1024 3479 1265 3564 praestitisset,
1299 3499 1365 3545 rne-

97 3656 101 3661 ,
177 3579 368 3653 morabilem
382 3581 475 3646 illam
490 3579 669 3661 meritoque
683 3581 857 3646 laudatam
872 3600 982 3647 vocem
998 3581 1132 3648 edidit.“
1177 3582 1271 3667 Quae
1293 3603 1365 3648 cum

179 3686 229 3750 ita
252 3684 330 3769 sint,
354 3691 527 3764 utrumque
554 3683 661 3749 locum
690 3686 750 3749 sub
773 3685 803 3769 Ι,
829 3690 856 3770 1,
878 3685 899 3749 b
928 3684 1089 3751 collocare
1116 3705 1180 3751 non
1207 3687 1365 3753 dubitavi.

265 3806 331 3871 His
355 3811 541 3889 annectam,
562 3805 817 3886 haudquaquam
840 3825 890 3872 me
913 3808 1052 3890 probare
1079 3808 1214 3874 Reussii
1236 3813 1366 3874 senten·

180 3906 274 3993 tiam,
297 3908 352 3989 qui
375 3908 396 3974 l.
420 3908 442 3975 l.
465 3929 497 3991 p.
520 3910 571 3974 25.
595 3910 679 3974 haec
701 3909 851 3975 disserit:
876 3920 1070 3995 „utramque
1091 3910 1367 3978 constructionem

180 4012 296 4094 copula
331 4010 435 4096 „qud‘
468 4010 677 4077 coniunctam
698 4011 767 4094 legi
791 4014 878 4095 apud
901 4013 1056 4078 Tacitum
1091 4014 1176 4080 Ann.
1204 4016 1300 4083 XIV.
1328 4018 1365 4081 6:

181 4121 362 4200 ²,reputans
385 4114 456 4179 ideo
481 4133 515 4178 se
538 4113 717 4178 fallacibus
740 4115 864 4179 litt-eris
893 4115 1034 4180 accitani
1063 4125 1096 4181 et
1123 4119 1244 4182 honore
1271 4138 1367 4200 prae-

183 4217 277 4299 cipuo
300 4217 451 4282 habitam
474 4223 531 4295 (sc.
555 4224 652 4302 esse),
676 4217 824 4298 quodque
846 4217 929 4283 litus
953 4218 1045 4284 iuxta
1067 4271 1074 4285 .
1093 4272 1099 4286 .
1117 4270 1149 4286 ..
1172 4221 1266 4288 nauis
1284 4273 1290 4286 .
1309 4273 1315 4287 .
1334 4273 1367 4289 ..

252 4424 272 4491 ι)
295 4423 312 4478 1.
331 4423 348 4480 1.
367 4423 410 4489 n,
428 4423 454 4488 1,
471 4424 486 4492 p
506 4424 564 4489 101,
583 4427 606 4489 1,
626 4424 658 4479 u.
679 4430 701 4480 1.
714 4423 733 4478 f.

147 4516 154 4525 '
251 4508 477 4577 21,,1111101110110
505 4508 608 4581 Spntax
635 4511 684 4564 der
709 4510 887 4566 lateinischen
912 4512 1058 4582 Sprache“.
1094 4513 1203 4585 Leipzig
1227 4515 1302 4581 1874,
1328 4517 1370 4574 77.

186 4595 277 4663 §aaa
