3046 5250
676 345 717 408 29

15 538 51 577 ²·
103 546 224 613 addere
245 566 309 612 non
332 548 462 614 dubitat
485 548 527 615 G.
552 551 585 614 3:
613 548 690 633 „qui
716 547 842 630 primus
866 548 1081 632 Sulpiciorum
1111 566 1289 630 cognomen

103 651 235 718 Galbae
258 651 344 727 tulit,
368 671 425 717 cur
447 657 508 717 aut
530 652 615 717 unde
637 652 790 735 traxerit,
818 652 1010 735 ambigitur.
1062 650 1203 732 Quidam
1229 669 1288 731 pu·

10 754 18 787 '·
100 761 189 837 tant,
211 756 296 836 quod
319 806 326 821 .
351 804 358 820 .
384 807 391 821 .
416 754 627 837 succenderit,
651 755 719 830 alii,
744 757 828 836 quod
851 808 858 824 .
884 808 891 824 .
916 807 923 821 .
948 758 978 821 .“

11 944 14 951 Ι
191 857 302 923 Minus
325 857 452 923 usitate
469 860 493 941 ¹)
516 856 692 923 Suetonius
727 861 825 924 semel
847 857 1046 940 particulam
1070 856 1190 944 „quia“
1213 862 1288 940 post

22 976 25 980 ·
101 963 235 1028 verbum
257 961 552 1047 „reprehendendi‘
575 961 758 1044 usurpavit,
785 963 834 1029 ol.
858 965 917 1028 38:
943 961 1187 1047 „Ostiensibus
1210 960 1287 1044 quia

10 1060 38 1153 Ἰ
103 1064 167 1131 sibi
190 1064 344 1131 subeunti
367 1064 512 1131 Tiberim
536 1066 679 1146 scaphas
702 1064 831 1132 obviarn
855 1083 923 1130 non
944 1064 1104 1149 miserint,
1140 1063 1289 1147 graviter

28 1212 35 1219 -
102 1167 263 1250 correptis
280 1220 286 1234 .
304 1222 312 1238 .
330 1218 337 1234 .
355 1168 384 1235 .“

186 1273 303 1355 Neque
337 1291 414 1340 vero
446 1274 528 1338 haec
562 1272 723 1338 scribendi
757 1271 845 1337 ratio
877 1291 1012 1354 prorsus
1046 1272 1156 1337 aliena
1190 1275 1286 1336 esta

13 1460 16 1465 Ι
101 1376 336 1443 consuetudine
359 1375 552 1458 optimorum
577 1377 787 1458 scriptorum
817 1376 1018 1463 ,Draegorus
1041 1374 1126 1440 enim
1148 1374 1170 1440 1.
1193 1374 1214 1438 l.
1238 1375 1286 1459 H,

100 1474 117 1564 ξ
140 1482 214 1547 531.
237 1499 278 1546 cx
301 1479 469 1547 Ciceronis
493 1478 644 1562 epistolis
674 1479 830 1544 nonnulla
855 1479 1002 1561 exempla
1026 1478 1134 1562 affert,
1168 1477 1286 1560 quibus

98 1582 161 1649 hic.
174 1602 254 1648 usus
277 1585 516 1666 comprobatur.
560 1581 615 1648 Sic
638 1582 682 1648 ad
704 1583 809 1652 Attio.
826 1582 874 1666 ΙΙ,
900 1585 949 1667 16,
972 1584 1006 1647 3:
1031 1581 1286 1667 „reprehendere

99 1687 216 1773 quia“;
237 1692 272 1753 et
295 1688 338 1753 ad
360 1687 439 1755 farn.
462 1686 503 1772 V,
529 1689 579 1773 14,
605 1692 636 1752 1:
664 1686 799 1772 „mirari
822 1685 931 1770 quia“.

185 1861 218 1938 2)
251 1859 325 1924 Iam
348 1859 457 1925 facere
479 1877 544 1925 non
566 1878 711 1944 possum,
745 1857 823 1941 quin
852 1876 958 1940 pauca
982 1857 1089 1923 dicam
1112 1857 1152 1922 de
1175 1858 1226 1925 ul.
1252 1862 1285 1924 lt

97 1961 204 2046 „quod
226 1961 373 2045 equidem
402 1962 512 2045 magis
535 1982 575 2028 ne
598 1961 898 2045 praetermitterem
927 1961 1054 2048 rettuli,
1088 1980 1187 2044 quam
1209 1960 1285 2044 quia

95 2081 209 2131 vorum
236 2068 295 2129 aut
322 2065 499 2131 verisimile
525 2071 647 2152 putem,
682 2082 754 2131 cnm
776 2066 952 2147 Augustus
970 2116 1080 2133 .....
1102 2063 1285 2131 dilexerit“.

97 2165 297 2233 Enuntiatio
314 2169 461 2235 causalis
482 2170 649 2251 particula
666 2167 786 2255 „quia“
801 2167 990 2233 introducta
1012 2166 1065 2232 hic
1087 2186 1151 2232 non
1173 2187 1286 2234 veram
1321 2228 1324 2235 .

97 2268 287 2354 iustamque
320 2291 455 2337 oausam
490 2272 651 2338 referendi
684 2272 840 2357 continet,
879 2271 937 2336 sed
969 2270 1040 2336 ideo
1074 2273 1117 2336 ab
1145 2277 1286 2338 auctore

97 2373 215 2440 addita
239 2379 300 2460 est,
337 2394 377 2440 ne
404 2375 477 2458 quis
500 2395 688 2458 perversam
712 2376 932 2441 coniecturam
954 2374 1030 2439 inde
1053 2375 1177 2460 capiat,
1201 2375 1286 2457 quod

98 2482 217 2542 auctor
227 2479 312 2545 hano
328 2497 396 2542 rem
414 2479 592 2546 rettulerit.
636 2479 701 2544 Ille
717 2484 829 2543 autem
853 2477 984 2569 „magis
1000 2477 1120 2560 quam“
1144 2477 1284 2543 formula

99 2585 235 2647 coactus
258 2582 423 2647 enuntiati
445 2585 588 2662 membra
611 2582 801 2663 transponit
829 2593 928 2665 atque
952 2588 1066 2646 contra
1090 2600 1186 2646 usum
1209 2581 1285 2646 tali·

97 2685 217 2751 busin
240 2684 521 2751 enuntiationibus
555 2685 783 2751 creberrimum
805 2705 917 2751 veram
940 2704 1077 2750 causam
1099 2684 1286 2766 praemittit
1310 2712 1313 2719 ⁴

98 2807 237 2873 eamque
258 2789 417 2872 negative
440 2808 641 2871 expressam.
656 2791 682 2874 ³)
725 2791 800 2855 Hoc
823 2809 931 2874 unum,
965 2789 1031 2855 nisi
1054 2788 1162 2873 fallor,
1197 2788 1285 2869 apud

98 2891 291 2958 Suetonium
324 2892 490 2960 inuenitur
523 2895 703 2975 exemplum
733 2894 804 2958 eius
828 2893 993 2958 scribendi
1014 2891 1165 2959 rationis.
1201 2891 1285 2974 quod

98 2994 276 3078 scriptores
309 2996 344 3061 iu
378 2997 489 3062 eodem
517 2997 689 3063 enuntiato
712 3016 848 3062 oausam
871 3002 904 3062 et
926 2995 1120 3078 negativam
1142 3002 1176 3059 et
1198 2995 1285 3076 posi·

96 3098 215 3179 tivanr,
239 3101 375 3183 nequis
400 3100 462 3166 sibi
484 3101 607 3167 falsam
631 3110 804 3186 supponat,
831 3101 1043 3184 coniungunt,
1067 3098 1101 3163 id
1122 3098 1208 3180 quod
1230 3099 1285 3163 vix

95 3203 349 3270 admirationem
382 3214 513 3273 moveat
547 3206 581 3271 in
610 3205 779 3289 scriptore,
813 3205 868 3288 qui
903 3243 944 3253 —
979 3211 1016 3269 ut
1038 3204 1283 3284 Baumgarten-

96 3305 209 3372 Crusii
246 3312 324 3373 utar
358 3309 469 3375 verbis
508 3349 547 3358 —
587 3308 806 3394 „brevitatem
850 3306 959 3390 magis
999 3327 1070 3373 cum
1108 3305 1283 3388 diligentia

10 3470 13 3475 .
93 3410 303 3488 coniunctam
327 3431 425 3496 quam
448 3412 630 3478 uberiorem
653 3415 805 3476 ornatum
828 3410 990 3494 curat“.³)

179 3585 212 3666 3)
248 3583 378 3666 „Quia“
408 3584 574 3666 particula
601 3603 833 3667 nonuunquam
856 3582 1000 3649 aliarum
1022 3581 1284 3649 coniunctionum
1361 3618 1365 3627 ·

94 3685 200 3751 locum
225 3688 360 3753 obtinet.

112 3824 121 3833 ¹
179 3793 214 3873 a]
237 3791 359 3873 Itaque
381 3790 559 3875 aliquoties
582 3790 631 3856 ita
656 3797 846 3875 usurpatur,
880 3794 918 3855 ut
940 3790 1097 3872 temporis
1120 3790 1282 3873 quaedam

176 3996 199 4064 ¹)
217 3995 280 4050 Duo
298 3995 430 4051 eiusmodi
450 3997 573 4067 exempla
590 3997 672 4051 etiam
683 3997 815 4052 Reussius
831 3996 934 4066 profert
946 3995 963 4054 l.
976 3996 993 4052 l.
1007 4013 1034 4066 p.
1049 4000 1089 4053 8.:
1103 3997 1173 4051 Anu.
1187 3995 1221 4061 ll,
1234 3996 1281 4050 50:

90 4082 259 4150 „maiestatis
278 4099 414 4138 arcessere
433 4084 513 4155 quia“
533 4088 561 4138 et
577 4083 678 4139 ibidem
699 4083 744 4150 IV,
762 4086 808 4139 64:
828 4087 935 4154 „grates
954 4098 1043 4152 agere,
1062 4082 1151 4152 quia“.

176 4171 198 4238 ²)
226 4170 306 4238 Quod
333 4170 517 4225 enuntiatione
544 4170 616 4224 finali
635 4171 735 4224 iustam
754 4186 864 4224 causam
883 4169 1029 4224 Suetonius
1049 4168 1132 4234 addit,
1159 4184 1214 4223 non
1233 4168 1280 4223 ab·

87 4270 186 4310 sonum
206 4256 313 4310 videtur
330 4273 400 4323 esse,
418 4257 570 4326 exemplum
588 4273 805 4323 commemorare,
824 4272 878 4326 quo
896 4255 1052 4325 Draegerus
1071 4255 1087 4312 l.
1107 4255 1123 4312 l.
1142 4256 1177 4319 ll,
1195 4257 1283 4324 §53S

87 4340 123 4394 de
141 4341 194 4396 hoo
213 4359 266 4397 usu
284 4343 420 4398 disserens
439 4344 531 4409 utitur,
559 4361 620 4398 cum
637 4343 797 4414 praesertim
816 4342 937 4396 eiusdem
957 4342 993 4396 sit
1011 4341 1131 4419 generis:
1160 4342 1237 4397 Caes.
1256 4342 1281 4395 b.

12 4426 18 4455 ““·
84 4425 118 4481 G.
136 4427 182 4496 IV,
200 4431 232 4484 2:
253 4431 464 4496 „mercatoribus
484 4435 526 4485 est
545 4430 635 4485 aditus
653 4430 739 4500 magis
758 4444 799 4496 eo,
826 4432 857 4482 ut
877 4472 883 4486 .
903 4471 911 4486 .
930 4472 936 4486 .
956 4471 962 4484 .
980 4429 1110 4495 habeant,
1128 4444 1210 4498 quarn
1228 4441 1283 4495 quo

10 4518 13 4525 '
82 4515 373 4571 ....desiderent.“

174 4602 197 4671 3)
217 4603 252 4658 In
271 4603 410 4658 corollario
429 4606 443 4674 ξ
461 4606 485 4660 6.
505 4621 531 4674 p.
551 4605 610 4659 832.
