3046 5250
664 407 870 504 ‚Ar-

174 629 214 675 ac
237 616 409 692 spectasse
432 617 604 698 utrumque
626 612 826 689 morientem,
850 633 921 679 eum
943 618 1049 696 patre,
1072 613 1150 698 quia
1159 614 1183 697 ¹)
1207 633 1243 681 se
1266 617 1387 683 obtu-·

174 714 269 790 lerat,
293 715 400 780 occ-iso
433 716 522 782 filius
556 735 683 800 quoque
716 717 940 785 voluntariam
976 718 1182 784 occubuisset
1213 727 1364 787 uecem“.

173 815 335 884 Similiter
366 820 553 903 aliquoties,
588 821 646 887 ubi
684 820 884 887 sententiam
919 822 973 889 vel
1010 820 1181 887 consilium
1218 821 1364 888 dicentis

172 921 349 1003 agentisve
364 923 504 991 subiecti
526 929 764 1008 exspectamus,
788 943 829 991 ex
850 926 996 992 auctoris
1018 944 1160 1008 persona
1176 924 1290 1008 aliqua
1304 944 1362 991 res

172 1022 267 1089 modo
282 1023 462 1093 indicativo
477 1033 645 1095 narratur.
675 1028 828 1110 Exempli
842 1047 944 1094 causa
958 1028 1087 1095 ascribo
1104 1029 1145 1097 G.
1158 1029 1192 1095 5:
1216 1034 1361 1107 „sester-

171 1126 255 1192 tium
286 1147 426 1214 namque
459 1130 669 1214 quingenties
704 1150 776 1197 cum
808 1131 1019 1214 praecipuum
1051 1131 1140 1198 inter
1169 1127 1360 1214 legatarios

170 1229 356 1307 habuisset,
380 1231 458 1331 quia
488 1237 607 1299 notata
640 1251 704 1298 nou
738 1236 923 1316 perscripta
958 1241 1032 1301 erat
1067 1254 1203 1311 summa,
1236 1234 1360 1300 herede

171 1331 302 1399 Tiberio
317 1333 467 1416 legatum
483 1336 526 1400 ad
537 1337 719 1420 quingenta
731 1343 914 1414 reuocante,
931 1357 971 1403 ne
982 1339 1064 1404 haec
1076 1338 1204 1422 quidem
1216 1337 1358 1419 accpir‘.

256 1437 342 1503 Item
364 1439 444 1505 Ner.
467 1440 509 1505 35
532 1441 692 1525 (187,20);
716 1446 751 1506 et
774 1440 847 1507 Cal.
871 1443 926 1521 603
951 1446 984 1506 et
1008 1442 1045 1508 O.
1072 1441 1121 1507 14.

254 1558 289 1641 b)
317 1558 392 1623 Iam
420 1559 586 1625 afferenda
615 1565 692 1624 sunt
716 1561 778 1626 duo
802 1562 962 1647 exempla,
988 1561 1022 1627 in
1045 1561 1161 1642 quibus
1184 1559 1359 1642 praedica·

168 1670 255 1747 tum,
296 1663 381 1743 quod
413 1669 549 1748 vocant,
587 1664 753 1730 enuntiati
790 1665 936 1731 causalis
974 1685 995 1731 a
1029 1665 1150 1750 „quia“
1182 1662 1359 1746 pendentis

167 1767 303 1832 verbum
325 1764 532 1852 ,sentiendi‘
560 1774 619 1834 aut
642 1769 871 1853 „declararum
895 1774 957 1836 est.
1001 1769 1119 1835 Altero
1142 1769 1175 1835 iu
1197 1767 1357 1849 exemplo,

167 1871 245 1937 Ner.
264 1872 316 1939 35.
340 1871 554 1939 indicativum
576 1872 735 1955 legimus:
760 1872 971 1955 „privignum
987 1924 995 1940 .
1013 1925 1020 1939 .
1039 1925 1065 1959 .,
1088 1871 1163 1953 quia
1182 1871 1358 1937 ferebatur

102 1986 104 1991 “
167 1971 307 2040 ducatus
333 1980 367 2040 et
389 1976 526 2058 imperia
549 1976 669 2061 ludere,
704 1977 915 2057 mergendum
937 1976 1031 2062 mori,
1060 1977 1135 2041 dum
1156 1975 1357 2061 piscaretur,

168 2077 272 2144 servis
306 2078 411 2159 ipsius
447 2079 689 2146 demandauit‘.
734 2080 802 2145 Hic
828 2079 862 2147 in
885 2080 980 2145 dubio
1002 2078 1209 2164 relinquitur,
1243 2085 1357 2143 utrum

165 2181 247 2247 illud
269 2181 391 2263 „serri‘
414 2201 457 2248 au
483 2183 635 2269 „ludere“
659 2203 762 2250 cansa
785 2183 898 2269 fuerit,
922 2203 1006 2264 quae
1028 2184 1203 2267 Neronem,
1224 2186 1263 2247 ut
1285 2182 1356 2263 pri-

165 2284 301 2366 vignum
333 2286 446 2351 necari
478 2286 616 2374 iuberet,
651 2290 831 2354 commovit.
876 2287 971 2371 Quod
1004 2287 1034 2352 si
1067 2286 1139 2366 quis
1172 2284 1357 2371 putaverit,
1405 2288 1410 2295 '

164 2390 329 2455 Neronem
351 2393 391 2456 ob
414 2390 538 2456 famam
553 2391 659 2473 ipsam
675 2391 863 2474 privignum
878 2390 1137 2456 interficiendum
1152 2406 1299 2473 curasse,
1312 2424 1357 2435 —

165 2512 249 2573 quae
271 2512 325 2558 res
347 2492 468 2559 nemini
483 2495 599 2559 mirum
615 2494 769 2561 videatur
785 2494 849 2559 tali
871 2494 1068 2575 praesertim
1090 2494 1125 2557 in
1147 2490 1294 2573 principe
1312 2528 1356 2539 —-

164 2618 181 2661 e
203 2599 237 2661 N
239 2597 346 2662 eronis
369 2604 478 2664 mente
502 2598 741 2665 coniunctivum
765 2598 950 2680 .,ierretur“
972 2593 1225 2678 exspectaverit.
1255 2594 1355 2662 Veri·

166 2700 271 2764 simile
294 2704 404 2765 autem
428 2712 490 2785 est,
512 2703 676 2767 Neronem
698 2722 762 2767 uon
785 2702 875 2767 fama
898 2701 1099 2780 illaquam
1122 2703 1155 2764 et
1179 2698 1355 2780 explorare

164 2810 198 2867 et
221 2803 412 2884 patefacere
435 2810 578 2891 poterat,
617 2807 675 2872 sed
697 2826 732 2872 re
754 2807 827 2887 ipsa
851 2805 895 2870 ad
916 2803 1061 2886 priuigni
1083 2821 1194 2869 necem
1216 2800 1355 2883 perduc-

164 2911 234 2972 tum
257 2926 342 2991 esse,
364 2907 414 2973 ita
438 2914 475 2973 ut
498 2909 621 2990 optimo
643 2909 712 2975 iure
735 2909 935 2975 indicativus
960 2907 1166 2972 adhibeatur.

248 3028 403 3094 Alterum
419 3032 600 3112 exemplum
615 3031 690 3097 huic
704 3030 905 3097 contrarium
921 3048 995 3095 esse
1010 3028 1150 3097 videtur.
1195 3026 1275 3092 Ner.
1292 3026 1352 3095 53:

165 3131 413 3216 „destinaverat
437 3133 549 3220 etiam,
587 3134 664 3215 quia
687 3134 874 3216 Apollinem
897 3139 1009 3217 cantu,
1033 3131 1141 3197 Solem
1163 3128 1352 3211 aurigando

164 3233 378 3315 aequiperare
401 3236 657 3322 existimaretur,
679 3237 805 3302 imitari
828 3243 861 3302 et
872 3234 1030 3301 Herculis
1054 3232 1178 3300 faota“.
1222 3233 1354 3298 Auctor

165 3338 405 3405 coniunctivum
438 3343 520 3406 bene
552 3341 679 3423 posuit;
714 3361 789 3406 nam
824 3341 854 3406 si
887 3341 960 3420 quis
990 3339 1102 3423 verba,
1135 3354 1220 3418 quae
1252 3334 1352 3400 initio

165 3441 285 3523 eapitis
323 3444 392 3508 loco
430 3444 522 3510 modo
560 3445 666 3511 allato
699 3445 916 3528 praecedunt,
953 3440 1148 3523 respexerit:
1187 3439 1352 3523 „maxime

164 3554 276 3610 autem
298 3547 524 3629 popularitate
547 3548 745 3614 efferebatur
768 3547 861 3631 (liess
886 3546 955 3611 sich
976 3543 1182 3623 himeisseu),
1205 3541 1352 3607 omnium

164 3649 323 3734 aemulus,
347 3651 402 3731 qui
418 3670 543 3735 quoquo
560 3651 652 3716 modo
673 3651 816 3715 animum
831 3649 926 3730 uulgi
947 3646 1146 3732 moverent“,
1168 3664 1232 3710 non
1255 3645 1351 3710 dubi-

164 3752 261 3830 tabit,
285 3754 363 3836 quin
377 3754 540 3820 Neronem
557 3755 633 3838 „qui
648 3755 789 3820 maxime
807 3755 983 3818 tenebatur
998 3749 1182 3832 cupiditate
1197 3747 1354 3830 placendi

163 3909 369 3919 -.—

251 3979 272 4045 l)
291 3977 363 4033 Nihil
381 3978 540 4032 mutandum
559 3982 601 4033 est
618 3982 712 4033 contra
735 3975 898 4048 optimorum
922 3976 1045 4031 codicum
1066 3973 1156 4039 fidem,
1179 3987 1239 4026 cum
1257 3969 1355 4025 omnia
1435 4040 1440 4049 Ι

164 4064 264 4135 optime
283 4079 312 4118 se
331 4064 457 4120 habeant.
492 4064 798 4134 Baumgarten-Crusius
817 4063 897 4127 euim,
917 4063 964 4132 qui
976 4062 1119 4116 lectionem
1139 4058 1200 4129 „qui
1219 4072 1249 4111 se
1267 4057 1350 4112 obtu-

162 4151 246 4206 lerat“
259 4150 287 4204 in
300 4155 403 4205 textum
420 4150 530 4220 recepit,
549 4165 713 4219 quamquam
728 4153 852 4203 annotat:
873 4164 943 4213 ,uon
962 4148 1024 4201 ideo
1043 4146 1148 4201 occisus
1167 4146 1216 4210 est,
1235 4142 1302 4213 quia
1320 4159 1353 4198 se
1438 4198 1440 4203 ,

163 4235 306 4303 obtulerat,
324 4236 442 4289 mortiet
455 4240 536 4288 autea
553 4234 718 4300 destinatus;
736 4233 791 4288 alia
807 4250 850 4287 res
868 4237 949 4300 esset,
968 4234 991 4287 si
1004 4236 1097 4287 auctor
1110 4230 1241 4286 dedisset:
1260 4232 1355 4299 patre,

163 4323 228 4393 quia
246 4339 275 4376 se
294 4322 436 4391 obtulerat,
455 4321 529 4391 prius
548 4319 652 4373 occisou
674 4318 739 4372 uihil
758 4318 830 4383 dicit,
854 4318 927 4388 quod
950 4317 1073 4371 codicum
1091 4314 1279 4370 auctoritatem
1297 4315 1349 4369 im-

161 4409 273 4464 minuat.
300 4407 439 4474 Nam,nisi
457 4405 547 4460 omnia
565 4422 608 4459 me
626 4404 732 4472 fallunt,
749 4421 816 4458 uoce
836 4405 942 4474 „p1·ius¹⁴
963 4404 1057 4459 addita
1076 4403 1197 4464 efficitur,
1216 4405 1247 4455 ut
1264 4401 1352 4455 etiam

161 4495 244 4549 filium
263 4494 433 4565 imperatoris
451 4494 526 4548 iussu
545 4492 663 4546 occisum
681 4508 741 4546 esse
769 4492 937 4550 arbitremur.
973 4490 1052 4559 Quod
1079 4490 1196 4544 alienum
1223 4504 1286 4542 esse
1314 4490 1354 4543 ab

161 4582 299 4647 hocloco,
318 4582 379 4636 inde
399 4585 521 4652 apparet,
540 4582 613 4653 quod
632 4581 780 4637 Suetonius
799 4581 832 4635 de
852 4580 1005 4635 uoluntaria
1022 4579 1068 4632 filii
1093 4577 1150 4648 agit
1172 4592 1247 4643 nece,
1270 4576 1355 4631 ouius

161 4674 255 4723 auctor
273 4685 327 4721 non
345 4671 486 4737 Augustus
504 4667 553 4722 sed
571 4671 684 4722 necatus
701 4667 760 4738 ipse
779 4667 839 4722 fuit.
