3046 5250
748 420 789 481 22

158 624 364 707 -parenthesi
380 624 495 691 addita
511 625 705 707 intellegere
727 614 861 690 lic'eat.“
898 623 973 688 Hoc
996 620 1124 688 obviam
1147 625 1199 686 ost
1215 619 1288 688 Tib.
1304 620 1363 685 44:

171 729 298 814 „fertur
320 780 326 795 .
351 778 359 793 .
384 783 392 799 .
416 782 423 794 .
448 734 566 810 captus
594 728 680 794 facie
707 727 850 794 ministri
875 779 881 794 .
907 778 914 794 .
939 725 1153 808 ..nequisse
1182 724 1364 808 abstinere,

170 832 248 915 quin
272 885 279 898 .
305 885 311 899 .
335 882 343 897 .
369 884 377 898 .
401 833 569 898 seductum
592 837 832 914 constupraret,
858 829 1016 911 simulque
1039 828 1174 913 fratrem
1200 826 1270 892 eius
1285 827 1367 893 tibi-

170 936 289 1021 cinem3
314 942 416 1020 atque
438 936 568 1020 utrique
590 955 674 1021 mox,
697 936 783 1019 quod
804 939 917 1000 mutuo
940 932 1106 1014 flagitium
1129 932 1366 1016 exprobarant,

170 1058 267 1104 crura
290 1039 466 1121 fregisse.·‘
516 1044 641 1105 Auctor
670 1056 764 1104 suam
788 1037 941 1118 adiungit
964 1033 1164 1102 sententiam
1187 1034 1227 1119 ei,
1261 1055 1363 1118 quam

170 1142 210 1205 de
234 1141 365 1207 Tiberio
389 1143 511 1208 editam
534 1142 656 1208 referre
680 1146 843 1222 coeperat.
892 1143 994 1206 Porro
1024 1139 1096 1206 Cal.
1122 1142 1156 1203 8:
1185 1138 1364 1223 „Gaetuli-

170 1264 240 1309 cum
258 1246 381 1311 refellit
396 1246 525 1311 Plinius
549 1244 644 1328 quasi
669 1245 840 1310 mentitum
859 1297 865 1310 .
883 1296 890 1310 .
908 1293 915 1308 .
934 1296 940 1311 .
958 1244 1159 1324 abusumque
1183 1241 1363 1307 audentius

169 1348 348 1434 mendacio,
372 1349 456 1432 quod
479 1355 557 1414 ante
580 1368 700 1414 annum
723 1348 791 1414 fere
814 1356 913 1414 natus
930 1346 1128 1412 Gennanico
1144 1345 1232 1411 filius
1245 1345 1365 1410 Tiburi

170 1452 314 1520 1111111114(ο
956 1520 960 1527 Α

261 1555 339 1622 Sine
362 1555 458 1621 dubio
475 1555 674 1622 'Giintherus
690 1556 711 1621 l.
727 1556 749 1622 l.
765 1576 795 1637 p.
815 1558 862 1620 12.
886 1561 976 1620 recte
998 1553 1134 1637 iudicat,
1155 1553 1241 1618 hunc
1264 1571 1362 1617 usum

169 1666 240 1723 tum
262 1656 438 1740 praecipue
467 1657 617 1743 inueniri,
651 1677 723 1723 eum
758 1659 931 1724 enuntiata
966 1656 1161 1723 secundaria
1184 1676 1236 1721 res
1259 1674 1361 1720 veras

170 1769 271 1841 atque
295 1761 381 1826 satis
405 1767 504 1826 notas
527 1762 704 1844 continent.
750 1763 843 1846 Quae
876 1760 1122 1827 enuntiationes
1152 1759 1361 1840 saepius-ita

170 1865 395 1930 conformatae
419 1871 507 1950 sunt,
544 1871 582 1930 ut
604 1865 769 1947 particula
794 1865 920 1950 „qual‘
944 1865 988 1930 ad
1010 1884 1104 1929 usum
1128 1867 1229 1943 atque
1252 1862 1359 1942 signi·

169 1967 356 2034 ficationem
379 1969 639 2034 coniunctionum
664 1969 782 2054 „nanr‘
806 1969 933 2055 „enim“
965 1966 1113 2049 accedat,
1149 1987 1214 2047 quo·
1234 1967 1283 2051 fit,
1317 1975 1359 2032 ut

166 2072 341 2137 enuntiata
365 2073 516 2137 causalia
539 2071 775 2139 enuntiationis
798 2072 991 2154 principalis
1014 2066 1128 2153 partes
1152 2074 1269 2152 agant.
1300 2069 1360 2139 Sic

167 2176 252 2242 Ota
269 2178 304 2241 6:
343 2179 489 2260 „tulerat
523 2176 652 2242 animus
670 2229 677 2241 .
695 2228 702 2242 .
720 2229 727 2242 .
746 2230 752 2243 .
771 2177 887 2242 statim
915 2182 1029 2241 castra
1054 2194 1213 2257 occupare
1236 2193 1357 2240 cenan-

165 2285 344 2359 temque..
364 2280 557 2350 ..Galbam
581 2280 732 2365 aggredi,
772 2281 829 2345 sed
851 2279 982 2345 obstitit
1005 2284 1175 2360 respectus
1200 2276 1357 2362 cohortiS,

166 2403 304 2449 ....ne
329 2388 521 2448 oneraretur
554 2383 689 2469 inuidia,
723 2385 808 2464 quod
841 2384 984 2449 eiusdem
1020 2381 1165 2447 statione
1189 2386 1222 2447 et
1245 2380 1356 2448 Gaius

164 2486 277 2552 tuerat
319 2485 445 2551 occisus
483 2492 516 2552 et
554 2489 704 2553 desertus
741 2487 861 2554 Nero.“
926 2487 1041 2572 „Quod
1140 2484 1272 2551 fuerat“
1309 2486 1357 2549 ab

165 2594 299 2654 aurctore
322 2588 522 2655 disiunctum
545 2592 587 2656 ab
611 2590 758 2656 oratione
782 2589 912 2670 obliqua
935 2590 1019 2655 idem
1042 2593 1095 2654 est
1118 2593 1217 2669 atque
1255 2606 1356 2672 „nam

166 2743 173 2758 .
194 2743 201 2757 .
219 2743 226 2757 .
243 2691 386 2758 fuerat.“
675 2750 678 2754 .

249 2795 352 2859 Porro
387 2796 427 2860 A.
457 2796 513 2859 43:
558 2801 697 2880 „postea
735 2795 815 2875 nibil
858 2816 938 2861 sane
972 2801 1204 2878 praeterquam
1239 2794 1356 2860 adule-

166 2899 348 2964 scentulum
385 2899 425 2965 L.
464 2898 569 2964 Icium
605 2901 742 2965 honeste
778 2906 893 2966 natum
931 2900 1093 2986 exhibuit,
1138 2904 1270 2971 tantum
1315 2904 1356 2965 ut
1440 2954 1443 2959 .

164 3002 369 3088 ostenderet3
392 3003 476 3083 quod
499 3009 573 3069 erat
595 3004 741 3086 bipedali
762 3005 876 3090 minor,
898 3005 1056 3071 librarum
1080 3002 1356 3086 septemdecimae

164 3105 252 3171 uocis
287 3105 497 3191 immensae“,
531 3107 602 3173 ie.
638 3113 711 3173 erat
745 3109 830 3174 enim
851 3107 996 3190 bipedali
1018 3109 1122 3174 minor
1145 3106 1356 3175 et....im·

163 3228 307 3275 mensae.
353 3210 406 3273 Ex
428 3210 579 3292 Augusti
603 3213 779 3296 sententia,
817 3211 872 3291 qui
895 3212 1178 3277 adulescentulum
1202 3211 1355 3276 ostende-

168 3313 244 3395 bat,
268 3312 374 3396 „quod
396 3313 507 3378 esset“
531 3315 735 3379 scribendum
759 3320 842 3381 crat.
888 3315 942 3380 Sic
966 3315 1098 3396 saepius
1121 3313 1155 3379 in
1170 3313 1357 3389 enuntiatis

166 3414 358 3480 causalibus
391 3414 604 3482 indicativum
637 3437 696 3498 pro
730 3417 934 3484 coniunctivo
968 3423 1164 3499 usurpatum
1194 3416 1356 3503 videmus,

133 3537 238 3595 ,cum
271 3538 311 3582 ex
345 3517 485 3583 subiecti
519 3519 684 3585 sententia
719 3539 855 3586 causam
889 3521 966 3585 addi
1000 3527 1236 3602 exspectemus.
1280 3522 1354 3586 Res

165 3628 277 3687 autem
300 3619 349 3685 ita
373 3620 503 3686 usitata
526 3629 589 3707 est,
624 3629 660 3687 ut
687 3624 774 3688 hunc
796 3642 890 3689 usum
914 3624 1062 3705 pluribus
1086 3624 1242 3706 exemplis
1265 3642 1354 3688 com·

164 3725 303 3806 probare
337 3726 577 3805 supersedeam.
623 3727 1020 3813 Baumgarten-Orusius,
1054 3733 1091 3792 ut
1124 3730 1184 3793 hoc
1219 3727 1353 3813 addam,

165 3828 197 3892 in
221 3826 328 3892 indice
352 3829 411 3893 sub
434 3848 513 3895 voce
529 3829 655 3914 „quod‘
670 3831 752 3895 baec
775 3831 837 3895 duo
860 3831 1008 3913 exempla
1031 3837 1270 3915 commemorat,
1293 3831 1353 3895 ubi

165 3951 227 4014 ,ex
261 3930 432 4012 scriptoris
465 3952 605 4013 persona
638 3953 693 3998 res
726 3933 819 3998 facta
842 3934 1031 4000 na1·retur“:
1068 3933 1139 4000 Tib.
1163 3935 1218 3998 32:
1254 3952 1353 4019 „cum

164 4032 363 4099 Rhodiorum
398 4035 630 4120 magistratus
665 4038 748 4117 quod
783 4037 917 4103 litteras
938 4088 1046 4104 .....
1068 4038 1241 4120 dederant,
1276 4057 1352 4104 evo·

163 4137 307 4222 easset“,
342 4143 375 4202 et
399 4138 466 4204 Tit.
493 4141 547 4205 10:
582 4139 744 4224 „Sabinos
777 4142 863 4222 petit
891 4141 1062 4221 aliquanto
1091 4141 1228 4222 tristior,
1263 4143 1351 4222 quod

164 4293 195 4307 ..
215 4293 220 4306 .
240 4293 246 4306 .
263 4241 373 4306 hostia
397 4242 588 4329 aufugerat,
612 4245 782 4325 quodque.
801 4298 807 4311 .
826 4299 832 4312 .
851 4298 858 4312 .
875 4246 1061 4311 tonuerat“

249 4344 283 4427 b)
320 4346 394 4410 Iam
430 4345 546 4427 paucis
588 4359 870 4414 commemoremus
907 4349 1097 4415 Suetonium
1133 4352 1210 4430 post
1245 4352 1350 4416 verba
1442 4422 1447 4447 1

162 4448 458 4534 „reprehendendi‘
482 4450 682 4534 „laudandi‘
713 4451 845 4537 similia,
879 4471 962 4533 quae
987 4455 1046 4517 sub
1069 4453 1097 4534 I,
1120 4456 1151 4537 2,
1168 4472 1205 4536 a,
1239 4452 1351 4520 allata

162 4560 250 4636 srmt,
273 4551 341 4617 fere
360 4571 487 4633 semper
502 4554 742 4619 coniunctivum
757 4555 921 4636 posuisse3
945 4556 978 4621 in
999 4575 1072 4641 quo,
1095 4575 1167 4621 oum
1190 4555 1352 4624 facillime
1438 4582 1441 4587 ·

160 4674 200 4721 ex
236 4655 395 4722 orationis
430 4655 581 4736 obliquae
608 4657 735 4723 ratione
763 4659 921 4741 explicari
942 4659 1060 4744 possit,
1093 4660 1352 4740 haudquaquam
1431 4718 1436 4725 .
