3046 5250
104 537 154 602 si‘
180 539 287 622 „quod
309 539 359 604 ειιι
383 545 457 624 etc,
493 540 549 604 sed
577 558 611 604 re
638 537 713 620 ipsa
736 537 847 619 magis
870 537 1001 619 ellipsin
1025 537 1199 622 involvere,
1233 556 1293 620 per

102 660 200 720 quam
222 648 339 708 auctor
361 662 397 708 se
421 642 517 722 quasi
540 644 703 725 corrigat3
738 646 839 721 atque
866 642 948 706 adeo
970 641 1064 706 illam
1092 641 1291 723 particulam

101 745 307 827 exceptivam
338 746 445 831 „nisi‘
473 765 531 828 pro
560 745 660 830 „sed‘
690 744 767 814 sive,
787 744 942 829 „verum‘
965 744 1056 825 poni;
1090 735 1322 827 particulam*

101 853 214 914 autem
237 849 365 934 „quod‘
388 868 462 915 esse
485 858 519 916 et
541 868 673 914 manere
696 848 894 915 causalem“.
939 849 1034 930 Quae
1057 849 1142 914 siin
1166 849 1291 914 univer-

100 971 172 1017 sum
193 953 451 1036 probaverimus,
486 952 672 1018 huiusmodi
700 951 893 1017 elocutionis
917 953 1066 1034 exempla
1087 951 1291 1019 Suetoniana

100 1055 200 1121 facile
215 1055 521 1138 interpretabimur3
538 1074 622 1136 quae
636 1057 721 1120 enim
733 1055 777 1121 ad
789 1053 989 1120 sententiam
1001 1056 1193 1138 explendam
1205 1056 1295 1121 desi·-

100 1159 298 1244 donabimus,
312 1179 353 1224 ex
368 1159 543 1241 principali
556 1159 783 1225 enuntiatione
798 1158 956 1224 facillimo
967 1160 1087 1225 addere
1099 1159 1290 1241 poterimus.

185 1263 328 1345 Legitur
351 1262 438 1348 „nisi
461 1263 581 1342 quod‘:
606 1264 700 1329 Dom.
724 1263 760 1347 43
782 1263 818 1330 G.
842 1265 900 1347 453
923 1264 1024 1345 Vesp.
1046 1264 1082 1341 43
1106 1262 1174 1331 Vit.
1201 1266 1230 1330 7.

188 1366 283 1433 Dom.
306 1368 342 1430 4:
366 1365 612 1451 „assidentibus
635 1366 729 1431 Diali
752 1367 987 1434 sacerdote‘et'
1002 1367 1141 1451 collegio
1153 1367 1289 1433 Flavia·

101 1467 180 1533 lium
213 1468 287 1551 pari
320 1469 447 1554 habitu,
482 1470 548 1535 nisi
580 1469 664 1549 quod
693 1468 822 1535 illorum
846 1470 972 1535 coronis
995 1471 1106 1536 inerat
1129 1477 1162 1535 et
1184 1470 1300 1553 ipsius-

101 1572 245 1654 imago.“
288 1573 397 1639 Probe
429 1573 532 1640 etiam
564 1575 625 1640 boc
658 1574 697 1638 de
731 1573 802 1639 loco
826 1573 1038 1640 Schwarzius
1072 1576 1094 1642 l.
1128 1594 1170 1641 a:
1206 1572 1292 1658 „nisi

102 1675 207 1754 quod‘
229 1675 252 1743 i.
276 1695 303 1743 e.
326 1695 440 1742 verum
473 1696 514 1742 ex
547 1696 587 1742 ea
609 1680 706 1758 parte
728 1696 792 1742 non
814 1697 877 1758 par
898 1686 972 1744 erat
995 1677 1142 1762 babitus,
1176 1677 1290 1757 quod“.

102 1766 280 1846 Suetonius
317 1780 469 1847 absolute
512 1780 762 1862 pronuntiatam
805 1782 1005 1847 sententiam
1042 1781 1137 1867 „pari
1174 1782 1291 1846 habitu

102 1883 270 1961 assedisse
293 1883 505 1949 sacerdotes‘
543 1883 592 1948 ita
616 1883 794 1967 restringit
816 1885 989 1950 enuntiato
1011 1904 1071 1967 per
1093 1884 1220 1969 „quod‘
1242 1885 1291 1949 in-

102 1985 266 2071 troducto,
299 1992 337 2052 ut
366 2006 504 2054 coronas
527 1987 705 2053 dissimiles
728 1987 833 2053 fuisse
857 1988 998 2054 scribat:
1030 1987 1211 2070 principem
1234 2006 1292 2070 ge-

103 2093 215 2155 stasse
248 2109 400 2156 coronam
423 2109 517 2176 „cum
540 2089 652 2172 effigie
674 2091 700 2156 J
702 2091 771 2156 ovis
794 2111 835 2156 ac
856 2092 883 2158 J
885 2090 1000 2156 ononis
1023 2090 1290 2176 Minervaeque“⁷

104 2194 292 2259 sacerdotes
315 2194 418 2260 etiam
440 2193 598 2276 principis
622 2213 695 2259 cum
720 2193 875 2276 imagine.

191 2297 228 2364 G.
251 2298 306 2363 45:
342 2296 468 2382 „luisse
494 2296 641 2361 traditur
664 2297 795 2361 excelsa
819 2302 953 2362 statura
970 2346 1079 2363 .....
1102 2297 1293 2362 valetudine

23 2428 31 2433 ·
101 2419 275 2485 prospera3
309 2390 375 2466 uisi
408 2400 493 2480 quod
526 2404 671 2481 tempore
704 2406 849 2466 extremo
882 2406 1019 2482 repente
1053 2400 1163 2466 animo
1189 2401 1293 2481 linqui

103 2508 204 2583 etque
227 2503 329 2570 etiam
362 2523 420 2585 per
455 2522 603 2569 somnum
632 2504 791 2570 exterreri
814 2504 974 2586 solebat‘,
1009 2505 1029 2570 i.
1053 2524 1080 2570 e.
1103 2504 1293 2570 valetudine

101 2625 273 2693 prospera,
295 2627 408 2674 verum
430 2627 494 2673 non
515 2627 575 2690 per
598 2627 721 2672 omnem
744 2613 902 2693 aetatem,
937 2608 1020 2689 quod
1044 2615 1187 2674 extremo
1210 2613 1293 2672 tem-

74 2728 180 2792 pore
306 2711 444 2778 solebat.
501 2711 621 2777 Verbis
664 2730 684 2776 a
722 2711 808 2797 „nisi
842 2711 947 2792 quod‘
980 2711 1197 2793 pendentibus
1229 2729 1293 2776 vox

102 2813 305 2899 „prospera“
328 2815 520 2880 accuratius
543 2814 744 2881 terminatur
765 2816 816 2880 vel
840 2815 952 2897 potius
976 2815 1163 2896 corrigitur.

132 2915 138 2929 '
191 2918 291 3000 Vesp.
315 2919 349 2985 4:
385 2918 483 3003 „exin
516 2917 655 2983 sortitus
689 2918 852 3001 Africam,
885 2916 1097 2999 integerrime
1129 2936 1189 2983 uec
1223 2916 1294 2982 sine

102 3019 295 3102 dignatione
308 3022 333 3104 1)
372 3021 633 3106 administravit,
669 3021 736 3087 nisi
773 3022 858 3102 quod
893 3021 1095 3087 Hadrumeti
1132 3020 1291 3086 seditione

103 3124 247 3201 quadam
278 3145 361 3208 rapa
395 3126 429 3191 in
463 3144 536 3190 eum
569 3125 661 3191 iacta
691 3125 800 3191 sunt.“
845 3124 1096 3191 Determinatur
1119 3143 1200 3202 „nec
1222 3123 1294 3188 sine

102 3228 327 3314 dignatione“‚
361 3228 425 3295 ita·
446 3237 484 3294 ut
516 3229 601 3294 hunc
624 3228 658 3294 in
681 3229 808 3294 modum
830 3229 932 3293 verba
956 3228 1184 3311 coniungenda
1208 3227 1290 3293 sint:

104 3349 230 3396 summa
255 3351 328 3398 oum
350 3333 546 3415 dignatione
574 3332 833 3416 administravit,
867 3350 979 3398 verum
1001 3351 1065 3397 non
1090 3349 1216 3413 semper
1237 3332 1294 3395 ho·

105 3453 183 3501 nore
206 3443 325 3503 auctus
348 3444 411 3522 est,
435 3437 519 3517 quod
543 3435 720 3515 aliquando
738 3487 745 3502 .
763 3487 769 3501 .
788 3488 794 3503 .
811 3438 904 3501 iacta
929 3440 1016 3500 sunt.

190 3540 339 3620 Denique
361 3541 557 3606 accedamus
581 3541 625 3605 ad
647 3538 717 3606 Vit.
742 3543 782 3624 7.,
810 3558 872 3619 quo
895 3540 975 3622 loco,
1000 3537 1077 3618 quid
1100 3544 1216 3604 auctor
1239 3557 1293 3603 ex·

104 3642 232 3723 plicare
252 3644 335 3709 velit
357 3643 584 3709 additamento
611 3642 786 3725 particulis
821 3641 907 3726 „nisi
930 3642 1035 3721 quod·
1068 3641 1169 3725 factu,
1202 3660 1292 3723 pror·

106 3765 164 3812 sus
178 3746 416 3833 intellegimus,
437 3766 519 3832 oum,
535 3747 613 3827 qnid
628 3747 671 3812 ad
688 3745 885 3812 sententiam
901 3746 1093 3827 explendam
1110 3744 1294 3810 addendum

106 3848 164 3935 sit,
184 3870 248 3916 uon
270 3851 304 3917 in
326 3855 479 3933 promptu
503 3853 557 3916 sit.
602 3852 713 3919 Verba
746 3851 828 3915 baec
863 3856 953 3915 sunt:
989 3869 1031 3934 „a
1055 3848 1167 3915 Galba
1189 3849 1223 3913 in
1245 3849 1295 3913 in·

104 3951 256 4019 seriorem
279 3953 494 4021 Germaniam
528 3960 642 4019 contra
676 3951 859 4034 opinionem
881 3952 1002 4017 missus
1027 3957 1088 4018 est.
1133 3953 1294 4016 Adiutnm

104 4061 228 4138 putant
250 4058 289 4123 Τ.
312 4057 403 4124 Vinii
426 4057 600 4142 suffragio,
634 4062 713 4121 tunc
740 4056 972 4139 potentissimi,
1006 4061 1040 4120 et
1063 4055 1116 4120 cui
1138 4055 1205 4120 iam
1227 4055 1293 4136 pri·

105 4160 493 4229 dem....c0ncilietus
527 4169 632 4238 esset;
667 4161 733 4225 nisi
766 4161 851 4240 quod
874 4160 986 4226 Galba
1020 4179 1101 4240 prae
1136 4178 1171 4223 se
1204 4158 1294 4239 tulit,

104 4263 214 4329 nullos
247 4264 355 4329 minus
378 4265 581 4349 metuendos,
615 4283 713 4344 qrram
748 4265 803 4344 qui
825 4263 865 4328 de
889 4264 957 4328 solo
980 4263 1071 4329 victu
1093 4261 1293 4345 cogitarent,

106 4386 148 4431 ac
169 4385 266 4448 posse
288 4367 545 4451 provincialibus
573 4367 675 4451 copiis
704 4367 900 4449 profundam
929 4365 998 4431 eius
1022 4365 1145 4446 expleri
1169 4364 1296 4451 gulam,

105 4524 312 4533 ——·-—-—-

193 4592 214 4660 ¹)
234 4590 292 4647 ie.
311 4591 452 4663 dignitate,
470 4592 586 4659 bonore3
605 4590 638 4647 cf.
657 4591 848 4646 Brennum-od
867 4590 922 4647 Cal.
942 4592 984 4646 m.

156 4730 171 4761 l
