<?xml version="1.0" encoding="UTF-8"?>
<!DOCTYPE html PUBLIC "-//W3C//DTD XHTML 1.0 Transitional//EN"
    "http://www.w3.org/TR/xhtml1/DTD/xhtml1-transitional.dtd">
<html xmlns="http://www.w3.org/1999/xhtml" xml:lang="en" lang="en">
 <head>
  <title>
</title>
<meta http-equiv="Content-Type" content="text/html;charset=utf-8" />
  <meta name='ocr-system' content='tesseract 3.04.00' />
  <meta name='ocr-capabilities' content='ocr_page ocr_carea ocr_par ocr_line ocrx_word'/>
</head>
<body>
  <div class='ocr_page' id='page_1' title='image "./deconiunctionum00tracgoog_0040.png"; bbox 0 0 3046 5250; ppageno 0'>
   <div class='ocr_carea' id='block_1_1' title="bbox 75 665 1435 2726">
    <p class='ocr_par' dir='ltr' id='par_1_1' title="bbox 75 665 1435 2726">
     <span class='ocr_line' id='line_1_1' title="bbox 162 665 1348 752; baseline -0.001 -17"><span class='ocrx_word' id='word_1_1' title='bbox 162 689 234 735; x_wconf 91' lang='lat' dir='ltr'>cum</span> <span class='ocrx_word' id='word_1_2' title='bbox 257 669 291 734; x_wconf 93' lang='lat' dir='ltr'>in</span> <span class='ocrx_word' id='word_1_3' title='bbox 313 668 470 734; x_wconf 78' lang='lat' dir='ltr'>dicionem</span> <span class='ocrx_word' id='word_1_4' title='bbox 492 665 688 752; x_wconf 77' lang='lat' dir='ltr'>redegisset</span> <span class='ocrx_word' id='word_1_5' title='bbox 711 665 863 748; x_wconf 90' lang='lat' dir='ltr'>quoniam</span> <span class='ocrx_word' id='word_1_6' title='bbox 887 666 1081 732; x_wconf 85' lang='lat' dir='ltr'>suffixurum</span> <span class='ocrx_word' id='word_1_7' title='bbox 1104 684 1139 732; x_wconf 88' lang='lat' dir='ltr'>se</span> <span class='ocrx_word' id='word_1_8' title='bbox 1163 668 1348 735; x_wconf 84' lang='lat' dir='ltr'>cruciante</span> 
     </span>
     <span class='ocr_line' id='line_1_2' title="bbox 162 770 1365 862; baseline -0.001 -23"><span class='ocrx_word' id='word_1_9' title='bbox 162 775 343 858; x_wconf 81' lang='lat' dir='ltr'>iuraverat,</span> <span class='ocrx_word' id='word_1_10' title='bbox 377 772 524 855; x_wconf 81' lang='lat' dir='ltr'>iugulaii</span> <span class='ocrx_word' id='word_1_11' title='bbox 557 771 648 854; x_wconf 85' lang='lat' dir='ltr'>prius</span> <span class='ocrx_word' id='word_1_12' title='bbox 682 770 791 857; x_wconf 83' lang='lat' dir='ltr'>iussit,</span> <span class='ocrx_word' id='word_1_13' title='bbox 826 771 940 837; x_wconf 88' lang='lat' dir='ltr'>deinde</span> <span class='ocrx_word' id='word_1_14' title='bbox 971 770 1116 853; x_wconf 79' lang='lat' dir='ltr'>suffigi“</span> <span class='ocrx_word' id='word_1_15' title='bbox 1151 776 1185 836; x_wconf 89' lang='lat' dir='ltr'>et</span> <span class='ocrx_word' id='word_1_16' title='bbox 1213 771 1347 839; x_wconf 83' lang='lat' dir='ltr'>ibidem:</span> <span class='ocrx_word' id='word_1_17' title='bbox 1362 857 1365 862; x_wconf 18' lang='grc' dir='ltr'>ι</span> 
     </span>
     <span class='ocr_line' id='line_1_3' title="bbox 164 874 1349 964; baseline -0.002 -21"><span class='ocrx_word' id='word_1_18' title='bbox 164 877 284 964; x_wconf 83' lang='lat' dir='ltr'>„testis</span> <span class='ocrx_word' id='word_1_19' title='bbox 319 876 454 954; x_wconf 88' lang='lat' dir='ltr'>citatus</span> <span class='ocrx_word' id='word_1_20' title='bbox 489 877 626 958; x_wconf 83' lang='lat' dir='ltr'>negavit</span> <span class='ocrx_word' id='word_1_21' title='bbox 661 893 696 940; x_wconf 87' lang='lat' dir='ltr'>se</span> <span class='ocrx_word' id='word_1_22' title='bbox 719 874 891 956; x_wconf 88' lang='lat' dir='ltr'>quiequam</span> <span class='ocrx_word' id='word_1_23' title='bbox 915 874 1123 960; x_wconf 87' lang='lat' dir='ltr'>comperisse</span> <span class='ocrx_word' id='word_1_24' title='bbox 1145 926 1277 943; x_wconf 90' lang='grc'><strong>......</strong></span> <span class='ocrx_word' id='word_1_25' title='bbox 1301 876 1349 941; x_wconf 88' lang='grc'>111-</span> 
     </span>
     <span class='ocr_line' id='line_1_4' title="bbox 165 978 1350 1066; baseline -0.003 -18"><span class='ocrx_word' id='word_1_26' title='bbox 165 985 431 1066; x_wconf 83' lang='lat' dir='ltr'>terrogatusque,</span> <span class='ocrx_word' id='word_1_27' title='bbox 455 999 512 1044; x_wconf 91' lang='lat' dir='ltr'>cur</span> <span class='ocrx_word' id='word_1_28' title='bbox 528 979 635 1062; x_wconf 80' lang='lat' dir='ltr'>igitur</span> <span class='ocrx_word' id='word_1_29' title='bbox 648 978 858 1061; x_wconf 82' lang='lat' dir='ltr'>repudiasse</span> <span class='ocrx_word' id='word_1_30' title='bbox 873 998 1015 1064; x_wconf 82' lang='lat' dir='ltr'>uxorem</span> <span class='ocrx_word' id='word_1_31' title='bbox 1039 978 1211 1066; x_wconf 81' lang='lat' dir='ltr'>Quoniam,</span> <span class='ocrx_word' id='word_1_32' title='bbox 1233 980 1350 1063; x_wconf 89' lang='lat' dir='ltr'>inquit</span> 
     </span>
     <span class='ocr_line' id='line_1_5' title="bbox 165 1081 1350 1178; baseline -0.001 -28"><span class='ocrx_word' id='word_1_33' title='bbox 165 1104 252 1151; x_wconf 86' lang='lat' dir='ltr'>meos</span> <span class='ocrx_word' id='word_1_34' title='bbox 286 1091 357 1150; x_wconf 88' lang='lat' dir='ltr'>tam</span> <span class='ocrx_word' id='word_1_35' title='bbox 392 1082 576 1166; x_wconf 83' lang='lat' dir='ltr'>suspicione</span> <span class='ocrx_word' id='word_1_36' title='bbox 610 1102 707 1163; x_wconf 89' lang='lat' dir='ltr'>quam</span> <span class='ocrx_word' id='word_1_37' title='bbox 742 1081 875 1147; x_wconf 88' lang='lat' dir='ltr'>crimine</span> <span class='ocrx_word' id='word_1_38' title='bbox 904 1082 1010 1178; x_wconf 89' lang='lat' dir='ltr'>iudico</span> <span class='ocrx_word' id='word_1_39' title='bbox 1033 1101 1146 1148; x_wconf 89' lang='lat' dir='ltr'>carere</span> <span class='ocrx_word' id='word_1_40' title='bbox 1170 1084 1350 1166; x_wconf 76' lang='lat' dir='ltr'>opertere.“</span> 
     </span>
     <span class='ocr_line' id='line_1_6' title="bbox 167 1185 1351 1272; baseline -0.002 -17"><span class='ocrx_word' id='word_1_41' title='bbox 167 1192 357 1272; x_wconf 81' lang='lat' dir='ltr'>Draegerus</span> <span class='ocrx_word' id='word_1_42' title='bbox 381 1189 402 1254; x_wconf 92' lang='lat' dir='ltr'>l.</span> <span class='ocrx_word' id='word_1_43' title='bbox 425 1187 446 1252; x_wconf 89' lang='grc'>1.</span> <span class='ocrx_word' id='word_1_44' title='bbox 470 1187 519 1272; x_wconf 83' lang='grc' dir='ltr'>ΙΙ,</span> <span class='ocrx_word' id='word_1_45' title='bbox 553 1188 666 1271; x_wconf 59' lang='grc'>1531.</span> <span class='ocrx_word' id='word_1_46' title='bbox 697 1205 756 1253; x_wconf 92' lang='lat' dir='ltr'>suo</span> <span class='ocrx_word' id='word_1_47' title='bbox 779 1185 850 1251; x_wconf 89' lang='lat' dir='ltr'>iure</span> <span class='ocrx_word' id='word_1_48' title='bbox 873 1186 1040 1252; x_wconf 77' lang='lat' dir='ltr'>contendit</span> <span class='ocrx_word' id='word_1_49' title='bbox 1063 1186 1239 1267; x_wconf 78' lang='lat' dir='ltr'>aliquoties</span> <span class='ocrx_word' id='word_1_50' title='bbox 1263 1188 1351 1270; x_wconf 88' lang='lat' dir='ltr'>apud</span> 
     </span>
     <span class='ocr_line' id='line_1_7' title="bbox 168 1289 1351 1378; baseline -0.002 -20"><span class='ocrx_word' id='word_1_51' title='bbox 168 1293 344 1376; x_wconf 81' lang='lat' dir='ltr'>scriptores</span> <span class='ocrx_word' id='word_1_52' title='bbox 368 1292 561 1378; x_wconf 81' lang='lat' dir='ltr'>„quoniam‘</span> <span class='ocrx_word' id='word_1_53' title='bbox 584 1290 748 1376; x_wconf 85' lang='lat' dir='ltr'>collocari,</span> <span class='ocrx_word' id='word_1_54' title='bbox 783 1290 839 1356; x_wconf 90' lang='lat' dir='ltr'>ubi</span> <span class='ocrx_word' id='word_1_55' title='bbox 861 1290 987 1376; x_wconf 78' lang='lat' dir='ltr'>„quod‘</span> <span class='ocrx_word' id='word_1_56' title='bbox 1010 1295 1070 1356; x_wconf 92' lang='lat' dir='ltr'>aut</span> <span class='ocrx_word' id='word_1_57' title='bbox 1101 1289 1221 1377; x_wconf 83' lang='lat' dir='ltr'>„quia“</span> <span class='ocrx_word' id='word_1_58' title='bbox 1244 1292 1351 1373; x_wconf 89' lang='lat' dir='ltr'>requi-</span> 
     </span>
     <span class='ocr_line' id='line_1_8' title="bbox 167 1394 1352 1480; baseline 0 -18"><span class='ocrx_word' id='word_1_59' title='bbox 167 1401 271 1464; x_wconf 88' lang='lat' dir='ltr'>ratur.</span> <span class='ocrx_word' id='word_1_60' title='bbox 315 1397 411 1462; x_wconf 89' lang='lat' dir='ltr'>Inter</span> <span class='ocrx_word' id='word_1_61' title='bbox 431 1398 519 1462; x_wconf 92' lang='lat' dir='ltr'>locos</span> <span class='ocrx_word' id='word_1_62' title='bbox 543 1400 665 1479; x_wconf 76' lang='lat' dir='ltr'>autem,</span> <span class='ocrx_word' id='word_1_63' title='bbox 694 1414 785 1480; x_wconf 86' lang='lat' dir='ltr'>quos,</span> <span class='ocrx_word' id='word_1_64' title='bbox 807 1400 844 1461; x_wconf 92' lang='lat' dir='ltr'>ut</span> <span class='ocrx_word' id='word_1_65' title='bbox 869 1394 1066 1460; x_wconf 89' lang='lat' dir='ltr'>sententiam</span> <span class='ocrx_word' id='word_1_66' title='bbox 1091 1414 1183 1461; x_wconf 90' lang='lat' dir='ltr'>suam</span> <span class='ocrx_word' id='word_1_67' title='bbox 1208 1414 1352 1480; x_wconf 89' lang='lat' dir='ltr'>compro-</span> 
     </span>
     <span class='ocr_line' id='line_1_9' title="bbox 168 1497 1353 1587; baseline -0.001 -20"><span class='ocrx_word' id='word_1_68' title='bbox 168 1504 234 1587; x_wconf 86' lang='lat' dir='ltr'>bet,</span> <span class='ocrx_word' id='word_1_69' title='bbox 267 1500 375 1586; x_wconf 81' lang='lat' dir='ltr'>affert,</span> <span class='ocrx_word' id='word_1_70' title='bbox 409 1500 499 1585; x_wconf 80' lang='lat' dir='ltr'>duos,</span> <span class='ocrx_word' id='word_1_71' title='bbox 532 1500 572 1564; x_wconf 90' lang='lat' dir='ltr'>de</span> <span class='ocrx_word' id='word_1_72' title='bbox 605 1498 721 1580; x_wconf 87' lang='lat' dir='ltr'>quibus</span> <span class='ocrx_word' id='word_1_73' title='bbox 744 1498 837 1564; x_wconf 91' lang='lat' dir='ltr'>modo</span> <span class='ocrx_word' id='word_1_74' title='bbox 871 1497 948 1584; x_wconf 81' lang='lat' dir='ltr'>dixi,</span> <span class='ocrx_word' id='word_1_75' title='bbox 987 1499 1106 1581; x_wconf 92' lang='lat' dir='ltr'>posuit.</span> <span class='ocrx_word' id='word_1_76' title='bbox 1167 1499 1278 1581; x_wconf 82' lang='lat' dir='ltr'>Atque</span> <span class='ocrx_word' id='word_1_77' title='bbox 1314 1501 1353 1566; x_wconf 89' lang='lat' dir='ltr'>de</span> 
     </span>
     <span class='ocr_line' id='line_1_10' title="bbox 171 1602 1353 1688; baseline -0.001 -17"><span class='ocrx_word' id='word_1_78' title='bbox 171 1605 278 1688; x_wconf 91' lang='lat' dir='ltr'>priore</span> <span class='ocrx_word' id='word_1_79' title='bbox 314 1605 384 1670; x_wconf 88' lang='lat' dir='ltr'>loco</span> <span class='ocrx_word' id='word_1_80' title='bbox 416 1605 588 1687; x_wconf 81' lang='lat' dir='ltr'>Draegero</span> <span class='ocrx_word' id='word_1_81' title='bbox 625 1621 759 1685; x_wconf 89' lang='lat' dir='ltr'>prorsus</span> <span class='ocrx_word' id='word_1_82' title='bbox 797 1602 1042 1669; x_wconf 88' lang='lat' dir='ltr'>assentiendum</span> <span class='ocrx_word' id='word_1_83' title='bbox 1079 1607 1140 1669; x_wconf 90' lang='lat' dir='ltr'>est.</span> <span class='ocrx_word' id='word_1_84' title='bbox 1198 1602 1353 1670; x_wconf 79' lang='lat' dir='ltr'>Suetonio</span> 
     </span>
     <span class='ocr_line' id='line_1_11' title="bbox 172 1706 1354 1795; baseline 0 -21"><span class='ocrx_word' id='word_1_85' title='bbox 172 1709 268 1793; x_wconf 88' lang='lat' dir='ltr'>enim,</span> <span class='ocrx_word' id='word_1_86' title='bbox 306 1708 423 1789; x_wconf 92' lang='lat' dir='ltr'>quide</span> <span class='ocrx_word' id='word_1_87' title='bbox 447 1707 625 1790; x_wconf 85' lang='lat' dir='ltr'>suffigendi</span> <span class='ocrx_word' id='word_1_88' title='bbox 648 1706 807 1789; x_wconf 87' lang='lat' dir='ltr'>supplicio</span> <span class='ocrx_word' id='word_1_89' title='bbox 829 1706 971 1772; x_wconf 92' lang='lat' dir='ltr'>nondum</span> <span class='ocrx_word' id='word_1_90' title='bbox 994 1706 1188 1774; x_wconf 89' lang='lat' dir='ltr'>mentionem</span> <span class='ocrx_word' id='word_1_91' title='bbox 1211 1707 1301 1795; x_wconf 86' lang='lat' dir='ltr'>feeit,</span> <span class='ocrx_word' id='word_1_92' title='bbox 1326 1708 1354 1774; x_wconf 91' lang='lat' dir='ltr'>si</span> 
     </span>
     <span class='ocr_line' id='line_1_12' title="bbox 171 1810 1354 1898; baseline 0 -21"><span class='ocrx_word' id='word_1_93' title='bbox 171 1811 338 1895; x_wconf 87' lang='lat' dir='ltr'>particula</span> <span class='ocrx_word' id='word_1_94' title='bbox 376 1810 569 1898; x_wconf 74' lang='lat' dir='ltr'>„quoniam‘</span> <span class='ocrx_word' id='word_1_95' title='bbox 607 1815 765 1891; x_wconf 91' lang='lat' dir='ltr'>tanquam</span> <span class='ocrx_word' id='word_1_96' title='bbox 799 1829 839 1876; x_wconf 84' lang='lat' dir='ltr'>ex</span> <span class='ocrx_word' id='word_1_97' title='bbox 873 1810 1031 1878; x_wconf 80' lang='lat' dir='ltr'>Caesaris</span> <span class='ocrx_word' id='word_1_98' title='bbox 1070 1811 1236 1877; x_wconf 89' lang='lat' dir='ltr'>sententia</span> <span class='ocrx_word' id='word_1_99' title='bbox 1274 1831 1354 1878; x_wconf 91' lang='lat' dir='ltr'>usus</span> 
     </span>
     <span class='ocr_line' id='line_1_13' title="bbox 172 1914 1355 2002; baseline 0.002 -22"><span class='ocrx_word' id='word_1_100' title='bbox 172 1921 272 2002; x_wconf 83' lang='lat' dir='ltr'>esset,</span> <span class='ocrx_word' id='word_1_101' title='bbox 307 1915 510 1982; x_wconf 87' lang='lat' dir='ltr'>scribendum</span> <span class='ocrx_word' id='word_1_102' title='bbox 544 1914 622 1981; x_wconf 86' lang='lat' dir='ltr'>fuit:</span> <span class='ocrx_word' id='word_1_103' title='bbox 662 1914 812 1995; x_wconf 88' lang='lat' dir='ltr'>quoniam</span> <span class='ocrx_word' id='word_1_104' title='bbox 951 1918 1030 1980; x_wconf 88' lang='lat' dir='ltr'>ante</span> <span class='ocrx_word' id='word_1_105' title='bbox 1068 1915 1264 1998; x_wconf 79' lang='lat' dir='ltr'>iuravisset3</span> <span class='ocrx_word' id='word_1_106' title='bbox 1304 1916 1355 1983; x_wconf 92' lang='lat' dir='ltr'>sin</span> 
     </span>
     <span class='ocr_line' id='line_1_14' title="bbox 173 2017 1355 2106; baseline 0 -20"><span class='ocrx_word' id='word_1_107' title='bbox 173 2025 294 2106; x_wconf 82' lang='lat' dir='ltr'>autem,</span> <span class='ocrx_word' id='word_1_108' title='bbox 318 2020 404 2086; x_wconf 90' lang='lat' dir='ltr'>sicut</span> <span class='ocrx_word' id='word_1_109' title='bbox 419 2019 509 2104; x_wconf 82' lang='lat' dir='ltr'>fecit,</span> <span class='ocrx_word' id='word_1_110' title='bbox 531 2019 603 2100; x_wconf 88' lang='lat' dir='ltr'>ipse</span> <span class='ocrx_word' id='word_1_111' title='bbox 618 2017 820 2084; x_wconf 80' lang='lat' dir='ltr'>narrationis</span> <span class='ocrx_word' id='word_1_112' title='bbox 836 2023 950 2099; x_wconf 88' lang='lat' dir='ltr'>partes</span> <span class='ocrx_word' id='word_1_113' title='bbox 970 2019 1125 2105; x_wconf 78' lang='lat' dir='ltr'>suscepit,</span> <span class='ocrx_word' id='word_1_114' title='bbox 1149 2021 1355 2087; x_wconf 88' lang='lat' dir='ltr'>enuntiatum</span> 
     </span>
     <span class='ocr_line' id='line_1_15' title="bbox 173 2120 1435 2204; baseline -0.006 -13"><span class='ocrx_word' id='word_1_115' title='bbox 173 2125 307 2204; x_wconf 82' lang='lat' dir='ltr'>causale</span> <span class='ocrx_word' id='word_1_116' title='bbox 329 2124 414 2190; x_wconf 89' lang='lat' dir='ltr'>hunc</span> <span class='ocrx_word' id='word_1_117' title='bbox 436 2122 469 2188; x_wconf 92' lang='lat' dir='ltr'>in</span> <span class='ocrx_word' id='word_1_118' title='bbox 492 2122 619 2186; x_wconf 91' lang='lat' dir='ltr'>modum</span> <span class='ocrx_word' id='word_1_119' title='bbox 642 2121 846 2187; x_wconf 88' lang='lat' dir='ltr'>introducere</span> <span class='ocrx_word' id='word_1_120' title='bbox 863 2120 991 2187; x_wconf 90' lang='lat' dir='ltr'>debuit:</span> <span class='ocrx_word' id='word_1_121' title='bbox 1016 2123 1101 2203; x_wconf 89' lang='lat' dir='ltr'>quod</span> <span class='ocrx_word' id='word_1_122' title='bbox 1123 2128 1202 2189; x_wconf 89' lang='lat' dir='ltr'>ante</span> <span class='ocrx_word' id='word_1_123' title='bbox 1225 2125 1355 2195; x_wconf 76' lang='lat' dir='ltr'>iurare·</span> <span class='ocrx_word' id='word_1_124' title='bbox 1432 2180 1435 2184; x_wconf 84' lang='lat'>.</span> 
     </span>
     <span class='ocr_line' id='line_1_16' title="bbox 173 2225 1357 2311; baseline 0 -16"><span class='ocrx_word' id='word_1_125' title='bbox 173 2234 238 2295; x_wconf 88' lang='lat' dir='ltr'>rat.</span> <span class='ocrx_word' id='word_1_126' title='bbox 288 2228 404 2295; x_wconf 86' lang='lat' dir='ltr'>Altero</span> <span class='ocrx_word' id='word_1_127' title='bbox 437 2246 512 2294; x_wconf 90' lang='lat' dir='ltr'>vcro</span> <span class='ocrx_word' id='word_1_128' title='bbox 546 2226 585 2291; x_wconf 92' lang='lat' dir='ltr'>de</span> <span class='ocrx_word' id='word_1_129' title='bbox 617 2226 687 2291; x_wconf 86' lang='lat' dir='ltr'>loco</span> <span class='ocrx_word' id='word_1_130' title='bbox 720 2226 894 2308; x_wconf 83' lang='lat' dir='ltr'>Draegero</span> <span class='ocrx_word' id='word_1_131' title='bbox 928 2225 1084 2292; x_wconf 84' lang='lat' dir='ltr'>assentiri</span> <span class='ocrx_word' id='word_1_132' title='bbox 1115 2245 1181 2292; x_wconf 90' lang='lat' dir='ltr'>non</span> <span class='ocrx_word' id='word_1_133' title='bbox 1213 2247 1357 2311; x_wconf 89' lang='lat' dir='ltr'>possum.</span> 
     </span>
     <span class='ocr_line' id='line_1_17' title="bbox 173 2329 1358 2412; baseline -0.001 -13"><span class='ocrx_word' id='word_1_134' title='bbox 173 2334 262 2399; x_wconf 89' lang='lat' dir='ltr'>Nam</span> <span class='ocrx_word' id='word_1_135' title='bbox 295 2334 423 2400; x_wconf 76' lang='lat' dir='ltr'>Caesar</span> <span class='ocrx_word' id='word_1_136' title='bbox 456 2367 490 2377; x_wconf 90' lang='lat'><em>-</em></span> <span class='ocrx_word' id='word_1_137' title='bbox 532 2329 691 2410; x_wconf 90' lang='lat' dir='ltr'>siquidem</span> <span class='ocrx_word' id='word_1_138' title='bbox 714 2329 890 2396; x_wconf 82' lang='lat' dir='ltr'>Suetonius</span> <span class='ocrx_word' id='word_1_139' title='bbox 924 2331 1024 2397; x_wconf 83' lang='lat' dir='ltr'>verba</span> <span class='ocrx_word' id='word_1_140' title='bbox 1059 2329 1163 2412; x_wconf 87' lang='lat' dir='ltr'>ipsius</span> <span class='ocrx_word' id='word_1_141' title='bbox 1199 2332 1358 2400; x_wconf 80' lang='lat' dir='ltr'>Caesaris</span> 
     </span>
     <span class='ocr_line' id='line_1_18' title="bbox 75 2428 1358 2522; baseline -0.001 -20"><span class='ocrx_word' id='word_1_142' title='bbox 75 2428 77 2433; x_wconf 69' lang='grc'><strong>’</strong></span> <span class='ocrx_word' id='word_1_143' title='bbox 175 2435 271 2503; x_wconf 86' lang='lat' dir='ltr'>affert</span> <span class='ocrx_word' id='word_1_144' title='bbox 293 2475 334 2485; x_wconf 92' lang='lat'>-</span> <span class='ocrx_word' id='word_1_145' title='bbox 358 2435 398 2500; x_wconf 92' lang='lat' dir='ltr'>de</span> <span class='ocrx_word' id='word_1_146' title='bbox 421 2434 614 2514; x_wconf 87' lang='lat' dir='ltr'>quaestione</span> <span class='ocrx_word' id='word_1_147' title='bbox 636 2433 694 2499; x_wconf 89' lang='lat' dir='ltr'>illa</span> <span class='ocrx_word' id='word_1_148' title='bbox 717 2432 826 2500; x_wconf 90' lang='lat' dir='ltr'>iratus</span> <span class='ocrx_word' id='word_1_149' title='bbox 849 2433 1120 2522; x_wconf 81' lang='lat' dir='ltr'>interrogantem,</span> <span class='ocrx_word' id='word_1_150' title='bbox 1159 2456 1230 2502; x_wconf 90' lang='lat' dir='ltr'>curn</span> <span class='ocrx_word' id='word_1_151' title='bbox 1253 2435 1358 2519; x_wconf 88' lang='lat' dir='ltr'>parti·</span> 
     </span>
     <span class='ocr_line' id='line_1_19' title="bbox 89 2536 1360 2626; baseline 0.001 -22"><span class='ocrx_word' id='word_1_152' title='bbox 89 2536 107 2555; x_wconf 67' lang='grc'><strong><em>“</em></strong></span> <span class='ocrx_word' id='word_1_153' title='bbox 175 2543 249 2606; x_wconf 81' lang='lat' dir='ltr'>ouda</span> <span class='ocrx_word' id='word_1_154' title='bbox 273 2538 466 2626; x_wconf 81' lang='lat' dir='ltr'>„quoniam‘</span> <span class='ocrx_word' id='word_1_155' title='bbox 489 2541 614 2621; x_wconf 82' lang='lat' dir='ltr'>utatur,</span> <span class='ocrx_word' id='word_1_156' title='bbox 643 2542 802 2618; x_wconf 90' lang='lat' dir='ltr'>tanquam</span> <span class='ocrx_word' id='word_1_157' title='bbox 825 2556 971 2603; x_wconf 87' lang='lat' dir='ltr'>coercere</span> <span class='ocrx_word' id='word_1_158' title='bbox 995 2542 1095 2617; x_wconf 90' lang='lat' dir='ltr'>atque</span> <span class='ocrx_word' id='word_1_159' title='bbox 1118 2540 1252 2605; x_wconf 90' lang='lat' dir='ltr'>obruere</span> <span class='ocrx_word' id='word_1_160' title='bbox 1271 2539 1360 2605; x_wconf 89' lang='lat' dir='ltr'>vide·</span> 
     </span>
     <span class='ocr_line' id='line_1_20' title="bbox 175 2641 1360 2726; baseline 0.001 -17"><span class='ocrx_word' id='word_1_161' title='bbox 175 2650 240 2724; x_wconf 81' lang='lat' dir='ltr'>tur,</span> <span class='ocrx_word' id='word_1_162' title='bbox 262 2663 359 2725; x_wconf 91' lang='lat' dir='ltr'>quam</span> <span class='ocrx_word' id='word_1_163' title='bbox 381 2643 445 2711; x_wconf 87' lang='lat' dir='ltr'>vim</span> <span class='ocrx_word' id='word_1_164' title='bbox 468 2644 503 2708; x_wconf 93' lang='lat' dir='ltr'>in</span> <span class='ocrx_word' id='word_1_165' title='bbox 519 2642 641 2726; x_wconf 88' lang='lat' dir='ltr'>‚‚quod‘</span> <span class='ocrx_word' id='word_1_166' title='bbox 663 2642 716 2709; x_wconf 87' lang='lat' dir='ltr'>vel</span> <span class='ocrx_word' id='word_1_167' title='bbox 736 2641 850 2722; x_wconf 59' lang='lat' dir='ltr'>‚quior</span> <span class='ocrx_word' id='word_1_168' title='bbox 874 2641 1048 2724; x_wconf 87' lang='lat' dir='ltr'>particulis</span> <span class='ocrx_word' id='word_1_169' title='bbox 1070 2660 1134 2708; x_wconf 91' lang='lat' dir='ltr'>non</span> <span class='ocrx_word' id='word_1_170' title='bbox 1156 2643 1265 2710; x_wconf 86' lang='lat' dir='ltr'>inesse</span> <span class='ocrx_word' id='word_1_171' title='bbox 1286 2644 1360 2710; x_wconf 90' lang='lat' dir='ltr'>luce</span> 
     </span>
    </p>
   </div>
   <div class='ocr_carea' id='block_1_2' title="bbox 82 2747 388 2815">
    <p class='ocr_par' dir='ltr' id='par_1_2' title="bbox 82 2747 388 2815">
     <span class='ocr_line' id='line_1_21' title="bbox 82 2747 388 2815; baseline -0.003 0"><span class='ocrx_word' id='word_1_172' title='bbox 82 2808 85 2815; x_wconf 94' lang='lat'><em>.</em></span> <span class='ocrx_word' id='word_1_173' title='bbox 175 2747 299 2814; x_wconf 87' lang='lat' dir='ltr'>clarius</span> <span class='ocrx_word' id='word_1_174' title='bbox 325 2753 388 2814; x_wconf 88' lang='lat' dir='ltr'>est.</span> 
     </span>
    </p>
   </div>
   <div class='ocr_carea' id='block_1_3' title="bbox 176 2917 1362 3400">
    <p class='ocr_par' dir='ltr' id='par_1_3' title="bbox 176 2917 1362 3399">
     <span class='ocr_line' id='line_1_22' title="bbox 263 2917 1359 3007; baseline 0.002 -23"><span class='ocrx_word' id='word_1_175' title='bbox 263 2920 296 3004; x_wconf 77' lang='lat'>2)</span> <span class='ocrx_word' id='word_1_176' title='bbox 318 2920 370 2985; x_wconf 94' lang='lat' dir='ltr'>De</span> <span class='ocrx_word' id='word_1_177' title='bbox 392 2919 556 2986; x_wconf 90' lang='lat' dir='ltr'>modorum</span> <span class='ocrx_word' id='word_1_178' title='bbox 580 2924 655 3000; x_wconf 89' lang='lat' dir='ltr'>post</span> <span class='ocrx_word' id='word_1_179' title='bbox 677 2917 871 3003; x_wconf 76' lang='lat' dir='ltr'>„quoniam‘</span> <span class='ocrx_word' id='word_1_180' title='bbox 893 2939 956 2984; x_wconf 87' lang='lat' dir='ltr'>usu</span> <span class='ocrx_word' id='word_1_181' title='bbox 978 2920 1059 2984; x_wconf 90' lang='lat' dir='ltr'>nihil</span> <span class='ocrx_word' id='word_1_182' title='bbox 1082 2921 1274 2986; x_wconf 90' lang='lat' dir='ltr'>monendum</span> <span class='ocrx_word' id='word_1_183' title='bbox 1297 2926 1359 3007; x_wconf 73' lang='lat' dir='ltr'>est,</span> 
     </span>
     <span class='ocr_line' id='line_1_23' title="bbox 177 3022 1359 3114; baseline 0.002 -26"><span class='ocrx_word' id='word_1_184' title='bbox 177 3043 249 3089; x_wconf 89' lang='lat' dir='ltr'>cnm</span> <span class='ocrx_word' id='word_1_185' title='bbox 266 3022 441 3090; x_wconf 84' lang='lat' dir='ltr'>Suetonius</span> <span class='ocrx_word' id='word_1_186' title='bbox 464 3024 635 3105; x_wconf 82' lang='lat' dir='ltr'>vulgarem</span> <span class='ocrx_word' id='word_1_187' title='bbox 661 3040 754 3086; x_wconf 88' lang='lat' dir='ltr'>usum</span> <span class='ocrx_word' id='word_1_188' title='bbox 777 3027 943 3101; x_wconf 88' lang='lat' dir='ltr'>sequatur.</span> <span class='ocrx_word' id='word_1_189' title='bbox 990 3022 1120 3114; x_wconf 89' lang='lat' dir='ltr'>Septies</span> <span class='ocrx_word' id='word_1_190' title='bbox 1144 3024 1359 3092; x_wconf 89' lang='lat' dir='ltr'>indicativum</span> 
     </span>
     <span class='ocr_line' id='line_1_24' title="bbox 176 3124 1362 3213; baseline 0.003 -21"><span class='ocrx_word' id='word_1_191' title='bbox 176 3129 258 3193; x_wconf 88' lang='lat' dir='ltr'>bene</span> <span class='ocrx_word' id='word_1_192' title='bbox 287 3127 446 3212; x_wconf 86' lang='lat' dir='ltr'>adiunxit</span> <span class='ocrx_word' id='word_1_193' title='bbox 479 3126 544 3192; x_wconf 89' lang='lat' dir='ltr'>nisi</span> <span class='ocrx_word' id='word_1_194' title='bbox 572 3124 718 3206; x_wconf 83' lang='lat' dir='ltr'>quodO.</span> <span class='ocrx_word' id='word_1_195' title='bbox 732 3127 792 3192; x_wconf 83' lang='grc'>14,</span> <span class='ocrx_word' id='word_1_196' title='bbox 823 3131 857 3191; x_wconf 94' lang='lat' dir='ltr'>et</span> <span class='ocrx_word' id='word_1_197' title='bbox 843 3127 953 3193; x_wconf 81' lang='lat' dir='ltr'>ctat.</span> <span class='ocrx_word' id='word_1_198' title='bbox 984 3130 1029 3195; x_wconf 56' lang='lat'>1³2</span> <span class='ocrx_word' id='word_1_199' title='bbox 1052 3148 1120 3194; x_wconf 84' lang='lat' dir='ltr'>rem</span> <span class='ocrx_word' id='word_1_200' title='bbox 1144 3149 1184 3194; x_wconf 86' lang='lat' dir='ltr'>ex</span> <span class='ocrx_word' id='word_1_201' title='bbox 1206 3148 1267 3195; x_wconf 88' lang='lat' dir='ltr'>sua</span> <span class='ocrx_word' id='word_1_202' title='bbox 1290 3150 1362 3213; x_wconf 93' lang='lat' dir='ltr'>per-</span> 
     </span>
     <span class='ocr_line' id='line_1_25' title="bbox 178 3228 1362 3316; baseline 0.004 -23.004"><span class='ocrx_word' id='word_1_203' title='bbox 178 3250 259 3296; x_wconf 88' lang='lat' dir='ltr'>sona</span> <span class='ocrx_word' id='word_1_204' title='bbox 297 3239 425 3316; x_wconf 82' lang='lat' dir='ltr'>narrat,</span> <span class='ocrx_word' id='word_1_205' title='bbox 438 3230 461 3304; x_wconf 91' lang='grc'>1)</span> <span class='ocrx_word' id='word_1_206' title='bbox 499 3228 685 3294; x_wconf 84' lang='lat' dir='ltr'>commotu</span> <span class='ocrx_word' id='word_1_207' title='bbox 690 3248 741 3293; x_wconf 88' lang='grc'>(1111</span> <span class='ocrx_word' id='word_1_208' title='bbox 780 3233 898 3308; x_wconf 86' lang='lat' dir='ltr'>quater</span> <span class='ocrx_word' id='word_1_209' title='bbox 935 3249 975 3294; x_wconf 86' lang='lat' dir='ltr'>ex</span> <span class='ocrx_word' id='word_1_210' title='bbox 1012 3231 1172 3297; x_wconf 83' lang='lat' dir='ltr'>orationis</span> <span class='ocrx_word' id='word_1_211' title='bbox 1210 3233 1362 3314; x_wconf 88' lang='lat' dir='ltr'>obliquae</span> 
     </span>
     <span class='ocr_line' id='line_1_26' title="bbox 179 3334 318 3400; baseline -0.008 -1"><span class='ocrx_word' id='word_1_212' title='bbox 179 3334 318 3400; x_wconf 84' lang='lat' dir='ltr'>ratione.</span> 
     </span>
    </p>
   </div>
   <div class='ocr_carea' id='block_1_4' title="bbox 654 4012 891 4331">
    <p class='ocr_par' dir='ltr' id='par_1_4' title="bbox 654 4012 891 4331">
     <span class='ocr_line' id='line_1_27' title="bbox 728 4012 811 4107; baseline 0.084 -24"><span class='ocrx_word' id='word_1_213' title='bbox 728 4012 748 4107; x_wconf 73' lang='lat' dir='ltr'>q</span> <span class='ocrx_word' id='word_1_214' title='bbox 776 4016 811 4090; x_wconf 81' lang='grc'>4.</span> 
     </span>
     <span class='ocr_line' id='line_1_28' title="bbox 654 4198 891 4331; baseline 0.008 -35"><span class='ocrx_word' id='word_1_215' title='bbox 654 4198 891 4331; x_wconf 75' lang='lat' dir='ltr'>Quando.</span> 
     </span>
    </p>
   </div>
   <div class='ocr_carea' id='block_1_5' title="bbox 184 4422 1367 4611">
    <p class='ocr_par' dir='ltr' id='par_1_5' title="bbox 184 4422 1367 4611">
     <span class='ocr_line' id='line_1_29' title="bbox 269 4422 1367 4509; baseline 0.002 -18"><span class='ocrx_word' id='word_1_216' title='bbox 269 4424 445 4509; x_wconf 76' lang='lat' dir='ltr'>„Quando‘</span> <span class='ocrx_word' id='word_1_217' title='bbox 468 4425 644 4507; x_wconf 87' lang='lat' dir='ltr'>particula,</span> <span class='ocrx_word' id='word_1_218' title='bbox 679 4444 699 4490; x_wconf 87' lang='lat' dir='ltr'>a</span> <span class='ocrx_word' id='word_1_219' title='bbox 723 4422 878 4491; x_wconf 90' lang='lat' dir='ltr'>Suetonio</span> <span class='ocrx_word' id='word_1_220' title='bbox 902 4423 1035 4507; x_wconf 89' lang='lat' dir='ltr'>saepius</span> <span class='ocrx_word' id='word_1_221' title='bbox 1058 4430 1229 4507; x_wconf 85' lang='lat' dir='ltr'>usurpata,</span> <span class='ocrx_word' id='word_1_222' title='bbox 1253 4446 1367 4494; x_wconf 88' lang='lat' dir='ltr'>causa·</span> 
     </span>
     <span class='ocr_line' id='line_1_30' title="bbox 184 4527 1366 4611; baseline 0 -15"><span class='ocrx_word' id='word_1_223' title='bbox 184 4529 262 4596; x_wconf 90' lang='lat' dir='ltr'>liter</span> <span class='ocrx_word' id='word_1_224' title='bbox 294 4528 405 4611; x_wconf 88' lang='lat' dir='ltr'>posita</span> <span class='ocrx_word' id='word_1_225' title='bbox 440 4547 504 4594; x_wconf 90' lang='lat' dir='ltr'>non</span> <span class='ocrx_word' id='word_1_226' title='bbox 538 4534 590 4595; x_wconf 87' lang='lat' dir='ltr'>est</span> <span class='ocrx_word' id='word_1_227' title='bbox 622 4527 688 4593; x_wconf 89' lang='lat' dir='ltr'>nisi</span> <span class='ocrx_word' id='word_1_228' title='bbox 721 4528 771 4593; x_wconf 88' lang='lat' dir='ltr'>his</span> <span class='ocrx_word' id='word_1_229' title='bbox 800 4527 893 4593; x_wconf 86' lang='lat' dir='ltr'>locis:</span> <span class='ocrx_word' id='word_1_230' title='bbox 930 4528 1035 4594; x_wconf 87' lang='lat' dir='ltr'>sexies</span> <span class='ocrx_word' id='word_1_231' title='bbox 1069 4549 1141 4594; x_wconf 87' lang='lat' dir='ltr'>curn</span> <span class='ocrx_word' id='word_1_232' title='bbox 1175 4528 1366 4598; x_wconf 86' lang='lat' dir='ltr'>indicativo:</span> 
     </span>
    </p>
   </div>
   <div class='ocr_carea' id='block_1_6' title="bbox 182 4671 388 4681">
    <p class='ocr_par' dir='ltr' id='par_1_6' title="bbox 182 4671 388 4681">
     <span class='ocr_line' id='line_1_31' title="bbox 182 4671 388 4681; baseline -0.005 -1"><span class='ocrx_word' id='word_1_233' title='bbox 182 4671 388 4681; x_wconf 51' lang='grc' dir='ltr'>*ι’-...-</span> 
     </span>
    </p>
   </div>
   <div class='ocr_carea' id='block_1_7' title="bbox 270 4735 1196 4878">
    <p class='ocr_par' dir='ltr' id='par_1_7' title="bbox 270 4735 1196 4878">
     <span class='ocr_line' id='line_1_32' title="bbox 270 4735 1080 4806; baseline -0.001 -17"><span class='ocrx_word' id='word_1_234' title='bbox 270 4737 291 4805; x_wconf 84' lang='grc'>1)</span> <span class='ocrx_word' id='word_1_235' title='bbox 311 4735 384 4790; x_wconf 87' lang='lat' dir='ltr'>Haec</span> <span class='ocrx_word' id='word_1_236' title='bbox 403 4735 527 4806; x_wconf 85' lang='lat' dir='ltr'>exempla</span> <span class='ocrx_word' id='word_1_237' title='bbox 545 4735 578 4789; x_wconf 87' lang='lat' dir='ltr'>ad</span> <span class='ocrx_word' id='word_1_238' title='bbox 598 4735 709 4790; x_wconf 88' lang='lat' dir='ltr'>verbum</span> <span class='ocrx_word' id='word_1_239' title='bbox 728 4751 857 4806; x_wconf 82' lang='lat' dir='ltr'>expressa</span> <span class='ocrx_word' id='word_1_240' title='bbox 874 4736 955 4790; x_wconf 92' lang='lat' dir='ltr'>modo</span> <span class='ocrx_word' id='word_1_241' title='bbox 973 4736 1080 4806; x_wconf 87' lang='lat' dir='ltr'>protuli.</span> 
     </span>
     <span class='ocr_line' id='line_1_33' title="bbox 1167 4822 1196 4878; baseline 0 -25"><span class='ocrx_word' id='word_1_242' title='bbox 1167 4822 1196 4878; x_wconf 75' lang='lat'>3*</span> 
     </span>
    </p>
   </div>
   <div class='ocr_carea' id='block_1_8' title="bbox 0 0 1554 5250">
    <p class='ocr_par' dir='ltr' id='par_1_8' title="bbox 0 0 1554 5250">
     <span class='ocr_line' id='line_1_34' title="bbox 0 0 1554 5250; baseline 0 0"><span class='ocrx_word' id='word_1_243' title='bbox 0 0 1554 5250; x_wconf 95' lang='lat' dir='ltr'> </span> 
     </span>
    </p>
   </div>
  </div>
 </body>
</html>
