3046 5250
795 425 837 487 ‘20

309 627 499 709 Aliquoties
527 625 710 693 ablativum
733 628 813 711 „eo“
837 634 921 692 ante
944 610 1186 709 comparativos
1214 628 1412 694 collocatum

222 733 371 816 sequitur
393 731 539 798 causalis
561 730 728 813 particula
752 731 889 816 „quod“.
935 729 990 796 Sic
1005 731 1077 797 Cal.
1095 733 1128 797 8:
1154 730 1410 816 „versiculorum

221 855 348 918 quoque
371 836 466 901 fidem
490 835 604 901 eadem
630 836 713 900 haec
739 835 870 901 elevant
897 839 932 899 et
954 853 991 900 eo
1014 835 1158 919 facilius,
1185 836 1270 916 quod
1292 836 1316 900 ii
1339 835 1411 901 sine

221 947 358 1006 auctore
381 939 489 1014 suut“.
526 939 612 1004 Item
635 957 694 1022 „eo
709 937 843 1005 facilius
859 938 977 1018 quod‘:
1003 939 1040 1006 O.
1056 942 1109 1004 42.
1147 939 1250 1003 Porro
1265 938 1337 1004 Tib.
1351 941 1408 1006 29:

221 1052 281 1131 „eo
303 1042 512 1126 notabiliora,
535 1041 655 1123 quod“;
681 1041 718 1107 O.
743 1047 799 1106 81:
825 1061 884 1126 „eo
908 1041 1086 1106 studiosius
1111 1041 1226 1122 quod“.

308 1163 462 1250 „Tamd‘
479 1162 647 1245 praeeedit
663 1163 889 1243 comparativo
906 1162 978 1228 Tib.
990 1165 1046 1228 40:
1072 1168 1294 1247 „potestatem
1310 1165 1411 1230 omni-

220 1269 282 1334 bus
306 1266 448 1333 adeundi
472 1265 524 1331 sui
546 1264 640 1331 fecit:
664 1271 760 1330 tanto
784 1265 904 1347 magia,
929 1266 1014 1345 quod
1036 1267 1116 1331 urbe
1140 1266 1361 1348 egrediens..
1381 1319 1414 1334 ..

220 1371 402 1436 edixerat“.
440 1372 571 1436 Rursus
595 1373 712 1453 „tanto
728 1368 839 1450 magis
856 1368 974 1448 quod‘:
1000 1369 1041 1435 G.
1054 1372 1093 1436 9.-
1119 1371 1291 1436 Accedunt
1305 1371 1341 1438 Ο.
1357 1373 1412 1437 78:

220 1479 338 1560 „tanto
360 1472 602 1540 intolerabilius
626 1472 749 1553 qnod“;
784 1472 834 1539 Ol.
861 1476 914 1537 11:
946 1476 1063 1557 „tanto
1086 1471 1265 1559 impensius
1288 1473 1412 1556 quod“;

220 1577 287 1643 nit.
315 1581 369 1644 10:
394 1576 589 1662 „aliquanto
611 1575 741 1641 tristior
763 1574 879 1654 quod‘.

308 1696 408 1782 „Ideo
431 1695 536 1776 qnod‘
557 1713 622 1760 non
645 1693 769 1777 legitur
791 1693 856 1759 nisi
881 1695 930 1762 ol.
947 1696 1003 1760 40:
1028 1695 1109 1780 „lroc
1131 1695 1203 1760 ideo
1226 1694 1304 1782 dixi,
1327 1695 1414 1775 quod

222 1800 354 1881 quidam
379 1806 457 1863 sunt
485 1797 592 1863 adhuc
619 1796 653 1861 in
675 1798 774 1882 ¹domo
801 1817 885 1882 mea,
913 1797 969 1877 qni
985 1849 991 1861 .
1010 1850 1017 1864 .
1035 1850 1042 1864 .
1060 1850 1066 1863 .
1084 1798 1114 1864 “.
1163 1800 1211 1863 At
1238 1800 1320 1864 baec
1347 1817 1414 1865 non

219 1901 390 1984 scriptoris
412 1903 513 1966 verba
538 1907 625 1985 sunt,
649 1901 706 1965 sed
730 1900 862 1968 Claudii
884 1900 1103 1983 imperatoris

305 2023 378 2089 Uno
409 2021 480 2087 loeo
511 2020 654 2086 refertur
686 2020 812 2106 „quod‘
840 2021 883 2085 ad
911 2020 1141 2087 correlativum
1170 2022 1412 2105 praepositioni

171 2211 173 2215 y
222 2124 306 2210 „ob“
322 2125 527 2206 adiunctum3
550 2124 691 2207 legimus
716 2125 776 2209 „ob
799 2124 832 2188 id
855 2123 983 2206 ipsnm“
1007 2123 1075 2191 Vit.
1094 2126 1146 2190 14:
1171 2126 1351 2204 „quosdam
1375 2131 1412 2191 et

218 2229 257 2293 de
280 2229 375 2310 plebe
398 2231 437 2294 ob
460 2228 494 2293 id
527 2228 644 2310 ipsum,
681 2228 765 2308 quod
787 2228 936 2295 Venetae
964 2228 1100 2293 factioni
1123 2229 1212 2294 clare
1234 2229 1412 2295 maledixe-

215 2340 304 2416 runt,
327 2332 526 2400 interemat

305 2454 410 2539 Haec,
440 2453 506 2518 nisi
527 2451 641 2537 fallor,
670 2451 869 2517 correlativa
898 2456 986 2537 sunt,
1021 2452 1138 2532 quibus
1166 2451 1307 2534 scriptor
1329 2457 1411 2520 ante

215 2557 341 2644 „quod‘
365 2556 645 2641 carrsale·1rtitur;
678 2555 867 2638 plerumque
888 2555 1039 2647 nimirum
1064 2555 1261 2623 correlative
1285 2557 1410 2624 omissa

215 2666 303 2740 sunt,
319 2660 353 2725 id
368 2661 453 2741 quod
468 2654 623 2740 exemplis
640 2661 850 2740 comprobare
867 2678 1146 2742 supervacaneum
1163 2679 1237 2725 esse
1253 2661 1408 2727 arbitror.

301 2783 410 2848 Unum
425 2784 600 2862 praeterea
616 2779 721 2844 locum
737 2780 855 2845 afferre
876 2778 977 2844 liceat
1001 2782 1040 2844 ob
1063 2779 1097 2844 id
1118 2779 1225 2861 ipsum
1248 2799 1410 2846 memora·

211 2886 319 2963 bilem,
344 2884 430 2965 quod
452 2883 496 2949 ad
518 2882 645 2948 dicendi
667 2882 840 2948 formulam
869 2887 943 2968 „est
970 2882 1074 2963 qnod‘
1103 2888 1137 2948 et
1164 2883 1251 2951 alias
1282 2883 1408 2950 similes

211 2987 402 3055 referendus
432 2991 494 3052 est.
546 2986 705 3066 Legimus
733 2987 818 3050 enim
847 3006 886 3051 ex
913 2986 1063 3067 Augusti
1091 2988 1234 3066 quadam
1260 2987 1407 3070 epistola

211 3093 256 3158 ad
277 3090 410 3157 Liviam
434 3089 537 3154 missa
560 3089 611 3155 ol.
635 3091 668 3154 4:
693 3088 791 3174 „qnid
814 3092 875 3173 est,
899 3090 983 3168 qnod
1005 3089 1236 3155 dubitemus‘?“

297 3210 331 3295 d)
354 3213 489 3294 Restat,
521 3213 558 3274 ut
581 3207 762 3290 elliptieum
784 3209 970 3290 particulae
993 3210 1121 3295 „quod‘
1144 3230 1239 3276 usum
1267 3231 1405 3300 comme-

205 3333 382 3393 moremus.

297 3419 386 3502 Huc,
421 3415 554 3497 siquid
581 3415 726 3481 iudicare
754 3436 898 3498 possum,
933 3418 1058 3497 nullum
1092 3437 1132 3483 ex
1166 3419 1404 3501 imperatorum

208 3517 289 3584 vitis
313 3519 493 3600 exemplum
517 3523 659 3600 spectat,
694 3518 760 3584 nisi
786 3519 872 3589 forte
900 3521 973 3600 quis
998 3520 1069 3585 Tib.
1093 3523 1150 3586 52:
1181 3522 1404 3606 „Germanico

209 3640 313 3702 nsque
336 3622 418 3686 adeo
442 3622 653 3707 obtrectavit,
680 3626 718 3686 ut
741 3626 798 3688 et.
816 3676 823 3689 .
842 3675 849 3690 .
866 3674 873 3689 .
890 3622 1054 3690 eleuarit.
1071 3674 1078 3686 .
1097 3673 1103 3688 .
1121 3676 1128 3690 .
1145 3629 1179 3688 ct
1202 3623 1401 3706 increparet.

208 3724 302 3806 Quod
323 3745 400 3810 vero
421 3725 665 3792 Alexandream
691 3731 825 3809 propter
851 3726 1042 3792 immensam
1066 3733 1100 3792 et
1123 3728 1327 3808 repentinam
1348 3727 1364 3792 f
1387 3765 1400 3777 -

207 3847 290 3893 mem
305 3828 489 3894 inconsulto
506 3847 541 3893 se
558 3828 696 3913 adisset,
712 3835 849 3908 questus
865 3835 918 3894 est
934 3829 968 3895 in
984 3830 1133 3915 senatu“,
1156 3832 1219 3895 huc
1233 3828 1403 3912 pertinere

206 3931 382 3999 contendit.
427 3933 493 3997 Per
515 3951 657 3997 errorem
680 3938 791 3998 autem
813 3933 1210 4013 Baurnga1·ten·(irusius
1235 3935 1295 3999 sub
1317 3952 1401 4000 voce

205 4036 332 4122 „quod‘
356 4036 537 4117 exemplum
560 4035 699 4117 elliptici
721 4055 800 4101 usus
823 4038 865 4101 A.
890 4039 941 4102 88.
965 4055 1038 4101 esse
1060 4036 1172 4103 voluit.
1219 4038 1291 4122 Quo
1314 4037 1399 4102 iaci-

203 4140 269 4206 lius
298 4138 538 4207 sententiarum
566 4158 669 4205 nexus
697 4139 929 4224 perspiciatur,
957 4142 1058 4206 verba
1088 4141 1230 4206 ascribo:
1264 4141 1399 4226 „ortho-

205 4243 389 4327 graplriam,
411 4242 445 4308 id
468 4247 520 4309 est
543 4242 716 4309 formulam
739 4243 963 4324 rationemque
984 4243 1147 4309 scribendi
1162 4264 1182 4310 a
1200 4244 1396 4326 grammati-

203 4347 251 4413 cis
284 4349 484 4423 institutam,
518 4365 583 4412 non
616 4349 697 4412 adeo
731 4347 875 4412 custodit
909 4367 949 4413 ac
982 4347 1111 4414 videtur
1144 4368 1253 4414 eorum
1280 4347 1397 4430 potius
1471 4340 1480 4353 ’

204 4450 295 4532 sequi
319 4450 509 4533 opinionem,
540 4449 596 4530 qni
617 4451 750 4533 perinde
779 4451 984 4517 scribendum
1013 4473 1052 4518 ac
1079 4454 1251 4536 loquamur
1277 4453 1394 4518 existi·

200 4561 300 4622 ment.
345 4554 434 4619 Nam
457 4553 541 4637 quod
564 4571 663 4636 saepe
685 4572 750 4618 non
772 4553 905 4619 litteras
934 4556 1026 4620 modo
1057 4555 1113 4621 sed
1143 4557 1291 4638 syllabas
1318 4576 1393 4638 per·
1493 4608 1496 4617 .

200 4664 311 4725 mutat
334 4663 394 4724 aut
415 4659 587 4742 praeterit,
617 4657 793 4723 communis
816 4659 981 4723 hominum
1005 4679 1095 4724 error
1118 4668 1179 4724 est.
1229 4660 1301 4725 Neo
1326 4679 1393 4744 ego
