3046 5250
651 426 856 521 ,ἓο

161 629 361 712 significatio
390 629 540 714 accedat,
574 649 673 713 quam
705 632 867 697 rationem
889 630 1129 712 particularum
1152 631 1353 718 „quoniam‘⁸
1433 626 1440 633 “

159 737 192 798 et
215 734 387 819 „quaudo‘
411 732 445 796 in
461 752 523 799 usu
540 733 625 798 satis
642 735 854 801 manifestam
875 753 958 817 esse,
981 734 1054 817 quis
1077 740 1140 819 est,
1163 736 1219 818 qui
1240 754 1350 819 nega-

160 837 268 904 veriti
312 835 407 920 Quod
440 842 551 902 autem
580 837 725 903 causalis
748 838 920 920 particula
940 826 988 903 ad
1005 840 1219 919 temporalem
1242 838 1352 922 signi·

65 952 68 957 '
160 939 346 1006 ficationem
380 939 519 1023 accedit,
552 939 667 1005 mirari
699 960 764 1006 non
797 941 960 1025 debemuS‚
995 940 1153 1024 siquidem
1177 961 1228 1024 ca,
1262 960 1351 1026 quae

160 1050 250 1110 certo
273 1043 383 1126 aliquo
406 1048 551 1125 tempore
575 1049 635 1109 aut
659 1045 743 1110 fiunt
766 1052 825 1110 aut
847 1063 912 1110 non
934 1045 1028 1129 fiunt,
1060 1045 1254 1127 saepissime
1277 1045 1352 1112 effi-

108 1135 110 1139 ¹
159 1147 259 1231 ciunt,
282 1150 320 1212 ut
343 1166 410 1212 rem
435 1147 581 1231 aliquam
604 1148 655 1212 vel
679 1167 820 1230 agamus
843 1148 895 1214 vel
919 1147 1120 1214 omittamus,
1130 1148 1155 1232 1)

247 1253 359 1335 Atque
393 1249 669 1332 significationem
707 1252 923 1332 temporalem
960 1251 1066 1317 latere
1099 1256 1188 1333 puto·
1213 1251 1254 1318 A.
1293 1256 1349 1318 10:

160 1357 321 1443 „Brutum
347 1353 564 1438 Cassiumque
598 1359 631 1419 et
667 1354 700 1420 vi
727 1354 960 1437 necopinantes
990 1359 1034 1438 et,
1069 1354 1146 1436 quia
1180 1354 1351 1436 provisum

160 1458 338 1541 periculum
362 1456 644 1539 subterfugerant
675 1457 805 1540 legibus
829 1457 971 1539 aggredi
993 1476 1130 1540 reosque
1153 1457 1265 1523 caedis
1289 1461 1350 1524 ab·

67 1546 70 1557 ’
160 1565 271 1627 sentes
300 1561 427 1626 deferre
454 1560 597 1627 statuit“
624 1561 645 1627 i.
669 1580 697 1627 e.
746 1561 887 1626 Brutum
912 1560 1130 1644 Cassiumque
1152 1560 1253 1643 primo
1277 1561 1350 1644 qui·

161 1665 233 1730 dem
255 1664 337 1730 nihil
360 1663 512 1746 providos
534 1664 568 1730 vi
584 1664 726 1746 aggredi
742 1664 876 1750 statuit,
899 1669 1027 1750 postea,
1051 1664 1128 1748 quia
1154 1684 1212 1730 seu
1234 1665 1348 1746 potius

161 1774 335 1851 postquam
359 1768 424 1834 vim
449 1767 513 1832 sibi
536 1768 755 1834 imminentem
779 1767 1067 1853 subterfugerunt,
1094 1787 1163 1833 rem
1187 1768 1230 1833 ad
1252 1768 1350 1850 leges

159 1871 356 1936 reiciendam
380 1870 566 1936 arbitratus
594 1876 655 1936 est.
700 1872 786 1936 Item
808 1872 887 1936 Ner.
911 1873 965 1936 47:
1000 1871 1175 1952 „prosiluit
1210 1891 1227 1936 e
1259 1871 1350 1937 lecto

160 1974 312 2057 misitque
347 1973 467 2039 circum
501 1972 640 2058 amicos,
675 1979 707 2038 et
736 1973 812 2056 quia
841 1973 922 2038 nihil
945 1993 966 2038 a
990 1991 1153 2056 quoquam
1174 1974 1348 2039 renuntia-

158 2080 267 2162 batur,
290 2077 362 2159 ipse
385 2096 456 2143 cum
478 2077 594 2158 paucis
617 2077 763 2158 hospitia
786 2076 988 2160 singulorum
1004 2077 1121 2143 adiit“.
1167 2078 1348 2144 Causalem

157 2178 355 2263 particulam
391 2181 511 2266 „quia“
545 2181 647 2246 etiam
686 2181 737 2245 hio
777 2180 821 2245 ad
854 2179 1091 2246 coniunctionis
1127 2182 1350 2267 „postquam“

160 2285 436 2367 significationem
458 2302 557 2366 prope
581 2285 744 2369 accedere,
775 2270 985 2366 inpromptu
1008 2291 1070 2350 est.

241 2405 373 2471 Addere
395 2405 489 2471 iuvat
512 2406 648 2470 tertium
672 2403 853 2486 exemplum
876 2405 915 2469 ob
938 2404 1101 2487 idipsum
1121 2405 1261 2471 maxime
1277 2405 1348 2473 ido·
1397 2392 1402 2397 ’

156 2528 262 2593 neum,
286 2509 370 2592 quod
383 2507 559 2575 Suetonius
582 2507 653 2590 ipse
676 2508 888 2588 temporalem
911 2507 1097 2588 particulae
1112 2507 1177 2574 vim
1200 2507 1349 2575 indicare

155 2612 295 2698 videtur,
329 2632 402 2677 curn
435 2612 554 2696 „quia“
589 2613 798 2694 usurpaverit
831 2616 907 2692 post
940 2611 1131 2678 adverbium
1164 2616 1349 2694 temporale

158 2716 275 2803 „deiu‘
312 2716 496 2798 praemissa
534 2734 612 2781 voce
646 2715 822 2799 „primosi
873 2716 914 2780 A.
949 2717 1007 2782 58:
1045 2715 1174 2800 ,patris
1212 2715 1349 2798 patriae

156 2839 334 2902 cognomen
369 2819 513 2885 universi
541 2818 712 2900 repentino
740 2818 945 2903 maximoque
972 2837 1134 2884 consensu
1156 2819 1348 2886 detulerunt

157 2923 201 2989 ei:
224 2923 329 3006 prima
353 2923 456 3004 plebs
480 2922 648 3004 legatione
667 2923 802 2987 Antium
825 2922 943 3002 missa;
968 2921 1053 3007 dein,
1077 2921 1154 3006 quia
1176 2941 1242 2988 non
1263 2923 1348 2989 reci·

76 3077 78 3081 .
155 3027 278 3112 piebat‚
311 3026 439 3093 ineunti
460 3029 584 3092 Rornae
608 3025 800 3107 spectacula
824 3025 976 3108 frequens
1007 3032 1042 3091 et
1063 3027 1234 3111 laureata3
1269 3046 1349 3094 mox

156 3131 189 3195 in
213 3130 303 3197 curia
328 3129 496 3196 senatusf‘

242 3235 400 3302 Similiter
421 3233 697 3316 significationem
713 3239 747 3299 et
762 3235 930 3298 causalem
947 3238 980 3298 et
997 3235 1211 3316 temporalem
1222 3233 1347 3321 „quia“

159 3341 260 3405 habet
283 3339 325 3403 A.
350 3340 401 3404 81.
425 3344 459 3402 et
480 3337 576 3405 Dom.
600 3341 628 3404 2.

243 3460 278 3541 b)
301 3457 544 3541 Draegerum²)
568 3477 673 3544 porro,
698 3459 727 3524 si
749 3460 863 3526 audire
882 3460 1041 3540 volumus,
1064 3458 1195 3542 propria
1211 3458 1348 3544 „quoni-

157 3561 231 3627 am“
255 3561 441 3642 particulae
462 3560 514 3627 vis
537 3580 577 3626 ea
601 3568 663 3647 est,
692 3568 728 3629 ut
756 3582 892 3629 causam
920 3563 1049 3648 afferat,
1077 3583 1175 3644 quam
1202 3562 1348 3644 legenti-

158 3669 220 3731 bus
243 3672 356 3730 notam
380 3683 453 3729 esse
476 3669 642 3745 putamus.
688 3666 802 3732 Etiam
826 3667 946 3752 „quia‘
974 3666 1172 3749 particulam
1197 3667 1283 3731 huno
1312 3667 1348 3733 in

156 3770 286 3834 modum
315 3768 401 3849 apud
432 3767 623 3832 Suetonium
654 3770 753 3833 semel
786 3774 888 3848 atque
922 3768 1043 3833 iterum
1077 3766 1225 3846 inveniri,
1259 3769 1347 3836 haec

156 3872 283 3953 quidem
307 3871 454 3952 exempla
478 3872 758 3938 demonstrabunt.

243 3992 284 4058 A.
308 3992 363 4055 57:
390 4010 469 4076 „pro
492 3991 607 4071 quibus
632 3991 759 4058 meritis
783 3997 983 4074 quantopere
1006 3992 1147 4058 dilectus
1164 3991 1219 4077 sit,
1242 3991 1346 4060 facile

157 4102 208 4162 est
237 4095 428 4162 aestimare.
481 4095 608 4162 Omitto
637 4097 941 4180 senatusconsulta,
970 4096 1047 4176 quia
1074 4098 1212 4178 possunt
1238 4094 1348 4164 videri

156 4201 207 4266 vel
230 4198 433 4265 necessitate
449 4217 604 4280 expressa
626 4199 679 4264 uel
700 4199 928 4266 verecundia“.
973 4202 1101 4265 Auctor
1115 4198 1346 4266 econtratione

156 4301 285 4369 causali
318 4320 382 4366 non
411 4301 515 4366 solum
545 4319 638 4366 suam
665 4302 705 4366 de
737 4302 922 4368 huiusmodi
954 4303 1115 4368 consultis
1143 4302 1346 4370 sententiam

155 4442 360 4455 —u———-¹

242 4509 263 4576 ¹)
284 4506 405 4563 Conferri
419 4509 509 4576 potest
518 4504 605 4558 Wolfii
618 4505 651 4559 de
664 4506 811 4575 particulae
827 4508 970 4578 ‚‚quand0“
989 4508 1014 4562 ri
1034 4512 1115 4578 atque
1135 4507 1239 4563 ratione
1257 4524 1345 4565 anno·

154 4593 229 4663 tatio,
249 4610 330 4663 quarn
349 4595 398 4661 §4
424 4610 451 4663 p.
470 4591 671 4648 conscribam.

240 4681 262 4749 2)
282 4680 299 4734 l.
317 4679 334 4733 l.
354 4680 388 4746 ll,
406 4683 421 4749 ξ
439 4682 498 4737 532.
