3046 5250
88 4792 170 4936 N

781 771 800 864 s
830 772 863 844 3.

681 955 965 1088 Quoniam.

315 1164 519 1251 „Quoniam‘
547 1166 745 1251 particulam
773 1165 957 1241 undecies¹l
985 1164 1019 1230 in
1047 1163 1196 1231 Suetonii
1222 1162 1301 1231 vitis
1329 1164 1416 1246 legi-

229 1289 314 1336 mus:
343 1268 558 1335 indicativum
585 1269 770 1354 particulae
797 1268 987 1334 adiunctum
1015 1266 1176 1333 videmus:
1213 1268 1252 1334 O.
1276 1270 1331 1350 743
1356 1271 1415 1349 743

229 1380 271 1441 A.
299 1376 356 1456 61;
392 1373 447 1455 94;
477 1371 550 1438 Tib.
579 1375 635 1456 233
664 1374 736 1440 Cal.
769 1372 907 1454 12;»Θ.4
925 1375 979 1449 20;
1010 1371 1263 1438 coniunctirum:
1294 1373 1330 1440 O.
1359 1374 1416 1452 193

230 1481 286 1558 283
311 1480 369 1559 793
394 1480 435 1543 A.
459 1479 510 1544 27.

320 1637 348 1711 1)
379 1634 488 1712 Atque
513 1629 648 1714 primum
679 1627 807 1708 quidem
830 1627 1026 1714 „quoniam‘
1056 1630 1249 1715 saepissime
1277 1648 1416 1697 causam

232 1738 325 1804 addit
357 1736 546 1820 legentibus
571 1732 656 1800 satis
680 1737 802 1800 notam.
848 1732 904 1799 Sic
927 1733 968 1801 G.
991 1737 1045 1800 20:
1070 1734 1262 1818 „iugulatus
1286 1741 1417 1821 est...

231 1861 271 1908 ac
293 1841 428 1906 relictus
446 1893 452 1907 .
470 1892 477 1907 .
496 1891 517 1926 .‚
541 1840 641 1905 dorrec
664 1837 841 1922 gregarius
856 1839 950 1904 miles
969 1890 974 1903 .
993 1843 1141 1924 ..caput
1164 1839 1195 1905 ei
1210 1839 1416 1924 amputavit3

232 1950 266 2010 et
289 1943 442 2025 quoniam
476 1941 594 2028 capillo
628 1946 686 2020 (sc.
709 1961 789 2026 prae
813 1940 960 2024 calvitie)
994 1941 1139 2028 arripere
1172 1961 1236 2008 non
1270 1948 1417 2029 poterat,

230 2049 265 2115 in
288 2048 447 2132 gremium
471 2045 628 2113 addidit“.
678 2045 757 2112 Alia
786 2050 897 2112 antem
925 2046 1021 2112 huius
1050 2065 1130 2112 usus
1158 2046 1305 2132 exempla
1333 2048 1418 2116 haec

236 2158 327 2220 sunt:
353 2154 390 2220 O.
417 2154 472 2238 193
496 2154 552 2232 283
577 2152 632 2233 79;
655 2151 695 2218 A.
722 2154 772 2218 27.

317 2257 444 2322 Deinde
480 2256 543 2321 duo
582 2255 728 2341 exempla
779 2256 1058 2322 commemoranda
1093 2260 1180 2329 sunt,
1215 2274 1350 2338 quorum
1383 2256 1420 2322 in

232 2362 338 2427 altero
361 2360 404 2426 ad
424 2380 540 2426 novam
562 2360 766 2427 narrationis
783 2366 911 2446 partem
927 2361 1151 2444 transgressio
1174 2362 1221 2436 fit,
1249 2362 1282 2427 in
1309 2361 1419 2428 altero

232 2464 422 2548 degreditur
442 2464 618 2531 Suetonius
642 2466 844 2550 aproposito
861 2471 1070 2548 argumento:
1094 2466 1135 2532 A.
1152 2468 1208 2532 61;
1233 2465 1419 2551 „quoniam

232 2569 340 2652 qualis
362 2568 396 2634 in
410 2568 555 2653 imperiis
573 2589 612 2634 ac
624 2569 879 2652 nragistratibus
895 2570 1105 2651 regendaque
1123 2622 1229 2637 .....
1246 2570 1419 2654 republica

233 2674 344 2755 fuerit,
380 2672 522 2754 exposui,
556 2672 696 2738 referam
729 2693 814 2738 nunc
846 2672 1032 2738 interiorem
1061 2693 1100 2738 ac
1127 2672 1323 2739 familiarem
1346 2673 1420 2740 eius

232 2777 371 2859 vitani;“
418 2780 456 2843 A.
479 2778 536 2842 94:
572 2782 627 2862 „et
650 2777 802 2863 quoniam
831 2778 874 2843 ad
895 2779 978 2844 haec
999 2782 1134 2845 ventum
1156 2782 1218 2855 est,
1250 2797 1315 2844 non
1337 2798 1358 2844 a
1382 2800 1422 2845 re

234 2882 334 2949 fuerit
359 2882 538 2958 subtexere,
562 2901 647 2965 quae
671 2880 724 2946 ei.
742 2934 749 2948 .
767 2934 774 2948 .
792 2932 798 2947 .
816 2880 1013 2948 evenerint.“

319 2987 389 3052 Iam
413 3004 514 3068 supra
528 2984 554 3068 ²)
578 2975 860 3052 commemoratum
885 2991 961 3064 est.
975 2985 1009 3050 in
1031 2984 1198 3067 particula
1222 2986 1421 3071 „quoniam“
1510 3022 1513 3027 ·

234 3112 299 3158 non
324 3090 427 3156 solum
451 3090 618 3155 causalem
641 3088 816 3155 sedetiam
839 3089 1051 3171 temporalem
1073 3088 1137 3155 vim
1160 3089 1278 3154 inesse.
1324 3091 1423 3175 Quae

235 3194 334 3280 ratio,
369 3193 399 3258 si
432 3194 580 3275 exempla
616 3193 677 3259 duo
701 3193 793 3259 modo
817 3192 924 3259 allata
949 3191 1138 3274 omittimus,
1173 3193 1313 3258 maxime
1346 3213 1423 3276 per-

236 3297 606 3381 spicuaesthl.12:
641 3297 868 3383 „spirantique
902 3296 1008 3361 adhuc
1042 3296 1173 3362 detrahi
1206 3298 1339 3363 anulum
1375 3303 1421 3377 et.

235 3402 389 3484 quoniam
413 3401 628 3483 suspicionem
652 3401 825 3466 retinentis
849 3401 962 3485 dabat,
995 3399 1163 3481 pulvinum
1186 3399 1286 3466 iussit
1308 3400 1423 3488 inici‘,

235 3513 270 3574 et
303 3506 376 3572 Tib.
412 3507 474 3591 23..
503 3525 563 3587 quio
597 3506 667 3571 loco
690 3504 866 3571 Suetonius
900 3504 1031 3570 initium
1064 3504 1257 3589 testamenti
1295 3505 1425 3572 Tiberii

235 3612 409 3677 memoriae
442 3609 566 3692 prodit:
602 3609 773 3696 „quoniam
809 3613 907 3674 atrox
936 3609 1069 3675 fortuna
1087 3661 1094 3676 .
1112 3660 1119 3674 .
1138 3661 1144 3676 .
1163 3660 1170 3674 .
1187 3607 1266 3674 mihi
1288 3609 1424 3696 eripuit,

236 3767 242 3781 .
260 3769 267 3781 .
285 3767 292 3782 .
310 3769 317 3781 .
334 3716 430 3780 heres
453 3713 557 3781 ostd‘.

320 3819 375 3884 Ab
397 3817 448 3882 his
470 3817 626 3899 exemplis
650 3814 817 3899 paululum
841 3815 991 3882 differunt
1016 3816 1078 3881 duo
1102 3815 1174 3882 loci.
1220 3815 1257 3882 O.
1282 3814 1337 3880 74:
1367 3816 1426 3902 „in

235 3920 421 3988 ulciscendo
454 3926 577 3987 natura
610 3920 811 4006 lenissimus,
844 3920 985 4005 piratas,
1019 3940 1039 3985 a
1074 3919 1190 4000 ruribus
1214 3922 1333 4002 captus
1357 3924 1425 4006 est,

322 4128 344 4196 ¹)
363 4126 441 4181 Dom.
462 4132 489 4182 l:
510 4127 655 4193 „honorem
674 4128 816 4196 praeturae
839 4124 959 4179 urbanae
984 4124 1117 4178 corisulari
1142 4128 1278 4195 potestate
1302 4127 1427 4198 suscepit

235 4213 314 4268 titulo
333 4217 421 4279 tenus,
441 4214 516 4283 (nam
534 4212 600 4266 iuris
619 4211 763 4266 dictionem
782 4212 817 4265 ad
830 4210 960 4280 collegam
973 4211 1123 4280 proximum
1135 4211 1283 4281 transtulit)
1303 4214 1427 4269 ceterum

237 4316 344 4355 ornnem
367 4300 422 4353 uim
453 4298 644 4353 dominationis
668 4302 723 4352 tam
751 4298 862 4351 licenter
888 4296 1014 4362 exercuit,
1042 4300 1122 4353 ut..
1142 4303 1173 4354 .“.
1218 4297 1270 4352 Pro
1298 4305 1428 4369 „quam“,

236 4386 309 4456 quod
328 4385 390 4439 ferri
408 4401 462 4439 non
481 4388 581 4454 potest,
600 4384 728 4438 correctio
753 4383 809 4437 lac,
846 4382 980 4448 timuerit,
1004 4383 1049 4452 quui
1075 4389 1169 4448 „nam“
1194 4384 1337 4454 legendum
1362 4401 1428 4442 esse
1511 4402 1513 4407 ·

236 4472 347 4537 monuit,
372 4471 440 4525 adeo
465 4471 579 4541 simplex
604 4476 685 4542 atquo
708 4470 827 4525 dilucida
850 4470 963 4537 videtur,
987 4473 1018 4524 ut
1041 4486 1093 4524 non
1118 4487 1187 4541 opus
1211 4471 1246 4526 sit
1267 4471 1429 4528 coniectura

236 4559 476 4628 Oudendorpiana:
497 4565 610 4628 „quam‘
632 4576 692 4614 esse
716 4562 803 4613 ortum
827 4574 860 4612 ox
883 4556 1042 4627 compendio
1067 4557 1216 4628 scripturae
1240 4557 1313 4613 vocis
1341 4574 1427 4630 „quo-

236 4647 333 4701 niam“.

321 4734 344 4802 2)
364 4735 378 4802 ξ
396 4734 421 4799 9,
440 4733 462 4799 I,
482 4736 506 4788 3.
525 4750 551 4802 p.
570 4735 612 4788 30.
