3046 5250
198 538 232 602 Ν
234 557 278 603 11.
302 539 358 603 25:
384 537 532 622 „dehinc,
556 539 666 604 diruto
681 539 771 606 Circi
785 539 919 606 maximi
935 559 1025 625 areu,
1047 560 1106 622 per
1122 540 1301 607 Velabrum

15 632 32 727 J
112 640 282 723 forumque
304 642 475 708 Palatium
498 650 532 707 11
552 643 736 725 Apollinem
758 644 889 726 1111111.α
932 646 1008 712 Hoc
1030 646 1100 710 loeo
1123 646 1300 711 Ernestius

10 730 16 749 ’
105 763 177 810 non
200 752 288 811 reete
310 746 494 827 Apollinem
519 747 683 813 intellexit
709 748 943 834 Capitolinum,
976 769 1051 814 nam
1087 749 1163 834 „et“
1196 753 1300 832 parti·

113 848 188 919 cula
211 850 299 933 „und
321 850 433 915 111111Ίιι
455 850 650 917 vertendum
678 857 746 931 est;
782 851 922 917 dilucide
945 853 1029 917 enim
1053 854 1300 934 Baumgarten·

115 951 253 1018 Orosius
276 952 426 1035 disputat
448 953 639 1038 „Palatium
662 960 695 1018 et
718 955 927 1035 Apollinem‘
951 974 1023 1020 esse
1046 960 1187 1022 montem
1199 957 1301 1021 Pala·

110 1055 216 1119 tinum
250 1057 472 1138 templumque
505 1056 670 1139 Apollinis
709 1059 760 1123 in·
780 1077 818 1123 eo
852 1066 959 1125 monte
994 1060 1109 1146 situm,
1148 1061 1300 1140 quoniam

112 1158 245 1236 artium,
268 1174 332 1225 non¹
353 1161 430 1227 belli
453 1161 573 1227 fuisset
596 1160 767 1228 victoria.“

198 1281 592 1364 Baumgarten·Or11sius
630 1281 664 1346 in
703 1283 897 1366 „corollario
935 1283 974 1348 de
1013 1288 1133 1366 genere
1171 1286 1299 1351 dicendi

113 1384 283 1450 Suetonii‘
295 1386 380 1450 hanc
392 1385 520 1450 dicendi
532 1385 692 1451 rationem
706 1386 863 1452 Suetonio
875 1386 1133 1452 usitatissimam
1144 1389 1299 1455 universa

110 1487 336 1573 „pleonasmi“
366 1488 608 1571 significatione
636 1490 822 1570 complexus
851 1490 933 1555 haee
962 1491 1110 1556 disserit:
1151 1492 1227 1576 „Ad
1249 1492 1299 1558 ia-

23 1586 28 1595 '
113 1592 277 1658 eilitatem
299 1592 498 1673 cognitionis
523 1592 697 1657 secundum
722 1599 836 1675 partes
861 1594 1039 1678 orationes
1069 1614 1152 1675 quas
1177 1596 1299 1680 dicunt,

91 1694 226 1760 “iuncta
249 1695 293 1759 ab
316 1704 451 1760 auctore
475 1697 634 1761 vocabula
659 1695 920 1777 disposuimus1)
965 1698 1005 1763 In
1034 1699 1199 1781 plerisque
1222 1718 1299 1765 auc·

111 1804 182 1862 taru
210 1797 435 1864 additamento
462 1798 528 1865 vim
559 1799 756 1883 sententiae,
785 1799 837 1864 vel
867 1799 1177 1882 interpretationem
1200 1803 1301 1884 priori

111 1900 306 1986 accessisse,
329 1909 362 1967 et
378 1903 481 1984 primo
505 1910 645 1985 aspectu
666 1910 819 1987 apparet,
843 1910 878 1969 et
901 1905 1027 1985 passim
1049 1905 1084 1970 in
1106 1906 1179 1988 ipso
1194 1906 1300 1971 indice

112 2004 305 2071 monuimus.
351 2003 416 2070 Sed
437 2005 487 2070 ita
512 2005 662 2071 assuevit
686 2005 828 2086 scriptor
850 2007 909 2091 rei,
939 2012 975 2071 ut
997 2017 1132 2089 praeter
1158 2011 1299 2075 necessi-

113 2115 220 2173 tatem
242 2109 343 2175 etiam
366 2114 400 2174 et
422 2109 533 2190 inepte
556 2116 683 2190 augeat
707 2109 844 2174 subinde
866 2128 973 2195 vooeS,
996 2111 1162 2192 inquibus
1179 2112 1298 2178 distin·

114 2210 253 2292 guendis
276 2212 306 2277 si
328 2211 400 2292 quis
422 2214 576 2277 laborare
597 2213 689 2298 velit,
719 2213 873 2295 argutari
901 2232 974 2278 eum
1002 2213 1135 2295 saepius
1164 2221 1198 2280 et
1225 2235 1300 2297 ope·

10 2392 28 2409 ..
112 2335 183 2379 ram
205 2315 340 2396 perdere
363 2316 547 2396 oporteat.“

197 2437 296 2501 Hane
323 2437 429 2518 igitur
450 2440 550 2504 verba
575 2437 792 2520 coniungendi
814 2437 978 2503 rationem
1000 2438 1088 2520 apud
1109 2438 1298 2506 Suetonium

110 2539 207 2606 valde
241 2540 401 2608 fluctuare
434 2561 630 2623 quamquam
657 2542 871 2607 manifestum
894 2547 962 2625 est,
994 2550 1107 2606 tamen
1133 2541 1297 2606 Bromium

10 2684 13 2689 -
114 2650 316 2710 structuram
337 2647 507 2710 verborum
530 2664 592 2730 „ex
613 2644 678 2711 levi
701 2643 838 2726 frigoris
860 2642 1045 2724 suspicione
1065 2653 1099 2709 et
1115 2643 1200 2723 quod
1217 2696 1224 2709 .
1242 2696 1249 2710 .
1267 2697 1301 2711 ..

113 2746 357 2813 anteferretur“
394 2769 565 2831 perperam
603 2748 860 2829 interpretatum
895 2765 968 2811 esse
1002 2748 1180 2821 contendo„
1226 2749 1302 2813 Non

115 2850 220 2916 solum
241 2870 304 2916 vox
327 2852 506 2937 „frigoris“
534 2851 728 2935 explicatur,
760 2850 817 2915 sed
851 2869 935 2915 nova
970 2848 1073 2914 etiam
1107 2850 1302 2933 adiungitur

114 2973 231 3039 eausa,
259 2955 309 3021 ita
333 2963 369 3021 111
392 2955 631 3021 inconcinnitas
660 2953 720 3019 illa
744 2952 956 3034 elocutionis,
983 2953 1022 3017 de
1050 2971 1114 3032 qua
1138 2954 1300 3019 Reussius

12 3100 19 3145 .·
113 3056 136 3122 l.
158 3056 179 3122 l.
203 3079 233 3140 p.
258 3061 287 3124 9.
312 3060 518 3141 Draegerum
528 3060 551 3136 ²)
580 3064 716 3123 secutus
739 3057 825 3141 agit,
853 3056 906 3120 hic
930 3055 974 3120 sit
1006 3058 1201 3122 statuenda:
1241 3078 1301 3143 „en

113 3160 370 3228 inconcinnitate
398 3164 538 3243 quadam
561 3161 651 3226 haud
672 3181 748 3226 raro
772 3161 858 3227 inter
884 3159 1060 3225 enuntiata
1088 3161 1238 3226 causalia
1268 3173 1301 3226 et

116 3266 340 3349 substantiva,
368 3265 546 3348 partieipia
575 3273 654 3349 etc,
688 3264 805 3345 quibus
836 3281 937 3328 eausa
965 3262 1078 3343 aliqua
1106 3265 1302 3349 continetur,

114 3369 289 3450 parataxis
309 3369 475 3435 exsistit“.
522 3369 640 3434 Liceat
663 3376 784 3451 autem,
808 3386 869 3448 quo
892 3367 1002 3449 magis
1018 3368 1199 3450 legentium
1216 3387 1301 3433 eom·

114 3472 219 3537 modis
235 3473 387 3549 serviam,
411 3491 521 3538 omnes
544 3472 643 3556 lotoe,
667 3470 784 3550 quibus
800 3471 885 3535 lianc
900 3471 1190 3535 inconcinnitatem
1214 3472 1302 3553 apud

117 3574 307 3641 Suetonium
332 3575 538 3659 deprehendi,
561 3574 628 3640 iam
655 3573 707 3638 hic
735 3592 995 3657 commemorare,
1024 3593 1220 3654 quamquam
1250 3574 1301 3638 his

115 3677 150 3742 in
182 3679 339 3761 exemplis
373 3697 435 3743 non
472 3678 576 3743 solum
603 3675 838 3759 explicativam
865 3674 991 3759 „quod‘
1020 3676 1206 3756 particulae
1235 3675 1301 3740 vim

116 3784 328 3849 statuendam
350 3802 424 3848 osse
448 3782 525 3866 seio,
550 3781 608 3846 sed
631 3781 734 3845 etiam
756 3779 934 3845 causalem.

201 3905 270 3988 „lot
304 3903 408 3984 quod‘
443 3920 566 3967 causae
594 3899 800 3965 affirmative
829 3918 1006 3980 expressae
1034 3899 1175 3965 alteram
1205 3899 1301 3964 addit

111 4008 179 4075 ‚Cal
207 4011 264 4073 39:
302 4007 416 4092 „modo
450 4005 615 4073 avaritiae
649 4003 799 4087 singulos
833 4003 1020 4086 increpans,
1053 4012 1087 4067 et
1122 4003 1206 4082 quod
1239 4022 1303 4067 non

114 4109 253 4192 puderet
275 4129 330 4175 eos
353 4110 583 4192 locupletiores
611 4126 685 4172 esse
714 4126 811 4188 quam
840 4105 906 4171 se.“
952 4106 1114 4188 Scriptori
1141 4105 1303 4170 concinni·

115 4214 200 4279 tatis
223 4214 394 4297 appetenti
417 4222 516 4294 atque
539 4211 730 4294 elegantiae
753 4210 887 4276 maioris
915 4212 1013 4277 verba
1045 4218 1133 4275 certe
1161 4210 1247 4274 lumc
1270 4209 1304 4274 in

201 4420 223 4488 ¹)
243 4419 428 4475 Memorabilia
441 4420 493 4474 hac
505 4419 539 4472 de
554 4417 688 4472 scribendi
703 4416 899 4472 consuetudine
912 4415 1078 4470 Suetoniana
1090 4417 1170 4470 etiam
1181 4416 1304 4470 Bromius

117 4504 147 4558 in
165 4505 340 4560 annotatione
359 4506 393 4560 ad
413 4505 442 4562 G.
460 4510 503 4562 49.
521 4506 618 4560 verba:
638 4505 690 4571 „ad
709 4503 836 4576 cyathum
856 4511 884 4557 et
902 4502 1009 4556 vinum“
1029 4502 1144 4571 collegit.

203 4592 225 4660 ²)
246 4591 351 4659 „Ueber
369 4592 473 4664 Syntax
491 4592 547 4646 und
566 4591 616 4646 Stil
635 4591 684 4645 des
702 4591 828 4646 Tacitum
849 4589 959 4659 Leipzig
980 4590 1053 4644 1814.
1090 4590 1225 4657 ξ933,14.
