3046 5250
685 414 729 483 43

10 612 16 622 '
115 618 312 691 conniunct-ivi
326 644 495 708 usurpare,
519 630 599 709 quot
614 624 770 707 perfecta,
795 624 852 689 sed
875 624 977 690 etiem
992 629 1137 708 tempore
1152 624 1300 707 perfecto

114 738 149 793 et
171 728 360 810 iinpenfeoto
385 748 449 794 non
463 748 540 794 raro
555 729 736 810 promiscue
752 728 811 796 uti.
857 729 957 794 Hunc
972 748 1066 794 usum
1082 728 1299 811 promiscuum

115 830 501 914 Bnu1ngo1·ten·01nsius
516 850 579 897 non
595 832 756 914 probavit,
780 831 884 897 itaut
907 832 1041 915 saepius
1065 831 1299 898 concinnitatis

114 952 215 1000 causo
249 941 397 1017 temporo
432 934 519 1000 inter
542 952 577 1000 se
600 935 871 1001 accommodaret.
915 934 1031 1000 Etiam
1054 936 1196 1002 Rothius
1219 956 1297 1002 non·

21 1090 30 1103 .
112 1056 276 1123 nunquam
300 1038 458 1121 peccavit,
483 1038 538 1122 qui
560 1037 726 1104 tamenin
749 1038 853 1121 praef.
870 1059 900 1120 p.
916 1039 1090 1108 XXXVI.
1107 1040 1296 1123 compositis

113 1142 270 1224 exemplis
292 1143 354 1208 huo
378 1141 606 1225 spectantibus
640 1142 746 1208 ocidit:
782 1161 885 1228 „quae
908 1142 1057 1224 exempla
1081 1161 1118 1207 eo
1140 1143 1297 1209 libentius

12 1286 15 1293 ·
113 1246 274 1329 congessi,
309 1247 394 1330 quod
425 1247 581 1312 nonnulla
615 1250 737 1311 temere
769 1247 804 1311 iu
836 1247 900 1313 hac
933 1265 1059 1331 quoque
1089 1246 1231 1313 editione
1254 1248 1298 1313 nd

111 1349 261 1433 regulam
284 1350 369 1416 artis
391 1334 540 1417 'cornua
565 1354 673 1415 sunt,·‘
1024 1358 1028 1363 ’

197 1453 316 1537 Itaque
332 1453 464 1520 omissis
481 1453 557 1519 aliis
572 1453 662 1527 lotio,
687 1452 743 1536 qui
759 1453 802 1519 ad
816 1460 965 1520 nostruin
982 1454 1297 1536 disputatiunculam

110 1572 174 1621 non
207 1558 380 1638 pertinent,
415 1558 515 1623 etiam
539 1555 661 1622 Rothio
694 1556 728 1621 in
755 1557 964 1639 punctatione
986 1556 1114 1640 quidem
1137 1561 1297 1642 probante

110 1659 315 1726 scribentium
353 1667 404 1727 est
438 1662 537 1745 Vesp.
567 1664 602 1725 4:
642 1659 759 1737 „neuin
795 1660 896 1727 nihilo
934 1662 1129 1746 opulentior,
1167 1669 1204 1729 ut
1241 1665 1296 1747 qui

108 1763 216 1828 omnin
256 1766 393 1850 praedia
431 1765 531 1830 fratri
570 1764 736 1846 obligaret
759 1766 1010 1849 necessarioque
1033 1819 1039 1832 .
1065 1820 1072 1833 .
1098 1820 1105 1833 .
1131 1819 1137 1832 .
1161 1768 1294 1833 ‹loscen-

109 1866 224 1933 ‹ln-ine
262 1869 302 1933 ln
320 1874 445 1936 textum
462 1869 568 1953 ipson
584 1868 727 1934 'ltotlniuu
746 1868 928 1950 Egnatium
949 1871 1294 1953 seoot1o„‹›oligo1·in‘

109 1971 242 2054 recepit.
