3046 5250
747 359 789 424 25

666 448 873 460 .---.--

65 562 68 567 ’
168 550 296 649 puniunt
319 566 489 651 „quamvis
511 587 575 633 non
597 567 656 632 hoc
678 566 786 649 ipsum
801 565 961 652 „putare“
977 570 1037 631 aut
1053 562 1203 650 „dicare“
1219 563 1358 630 alterius

172 668 338 735 sententia
349 688 422 735 esse
445 662 585 749 dicatur,
600 670 657 735 sed
679 688 730 755 ea,
753 688 837 749 qnae
852 673 1026 753 putantur,
1042 686 1127 749 quae
1142 667 1355 750 dicuntur²“.¹)

172 771 237 854 Qui
259 771 388 852 quidem
410 791 490 838 usus
506 792 527 839 a
544 771 690 839 Suetonii
713 772 876 837 scribendi
898 771 1133 837 consuetudine
1155 772 1254 852 longe
1270 789 1358 835 rece·

171 874 231 957 dit,
254 875 318 959 qui,
342 894 414 940 cum
442 875 575 957 saepius
603 875 808 960 „sentiendi‘
837 881 898 941 aut
927 873 1160 960 „declarandi“
1187 873 1296 940 verbis
1324 873 1357 938 in

171 977 355 1044 enuntiatis
378 998 398 1043 a
414 978 540 1063 „quod‘
556 979 773 1060 pendentibus
796 997 876 1044 usus
892 977 947 1056 sit,
963 983 1016 1043 ter
1030 981 1163 1042 tantum
1179 976 1357 1043 coniuncti-

170 1099 249 1148 vum
270 1087 421 1162 usurpat.
468 1082 595 1147 Tamen
609 1101 649 1148 ne
671 1081 723 1147 lris
747 1080 873 1162 quidem
898 1081 1004 1146 tribus
1025 1080 1106 1146 locis
1129 1082 1222 1162 leges
1248 1100 1358 1163 gram-

170 1183 313 1250 maticas
345 1184 495 1251 violavit.
550 1185 640 1251 Nam
661 1185 696 1250 in
718 1185 780 1263 his,
804 1204 887 1266 quae
911 1183 1053 1266 legimus
1081 1184 1181 1267 Vesp.
1207 1184 1260 1250 14:
1299 1188 1357 1269 „ut

174 1286 359 1369 suspicione
382 1287 494 1369 aliqua
509 1288 563 1354 vel
577 1294 667 1353 metu
689 1289 733 1354 ad
754 1287 931 1371 perniciem
944 1286 1136 1367 cuiusquam
1152 1286 1358 1369 compellere-

170 1396 235 1467 tur,
258 1394 390 1457 tantum
413 1391 511 1476 afuit,
533 1397 571 1456 ut
593 1391 801 1457 monentibus
817 1391 932 1457 amicis
956 1390 1136 1457 cavendum
1152 1408 1226 1457 esse
1241 1389 1356 1455 Metti·

168 1514 223 1560 um
245 1495 511 1580 Pompusianum,
534 1496 619 1576 quod
640 1496 740 1578 vulgo
763 1495 952 1560 crederetur
980 1494 1127 1576 genesim
1152 1494 1275 1559 habere
1298 1494 1356 1557 im·

169 1590 382 1680 paratorium,
410 1598 545 1679 insuper
571 1599 736 1664 consulem
764 1597 911 1683 fecerit“‚
940 1597 1082 1680 scriptor
1117 1616 1177 1663 suo
1211 1596 1284 1661 iure
1318 1615 1359 1661 ex

169 1700 329 1767 orationis
353 1701 503 1781 obliquae
518 1701 646 1767 ratione
662 1701 904 1767 coniunctivum
920 1699 1149 1785 „crederetur“
1166 1699 1354 1781 usurpavit;

169 1823 211 1869 ex
244 1804 418 1871 amicorum
442 1805 527 1871 enim
561 1805 669 1871 animo
703 1800 928 1871 coniunctivus
962 1810 1015 1870 est
1048 1802 1269 1885 explicandus
1301 1802 1357 1882 qui

167 1913 313 1974 monent:
352 1909 537 1993 „cavendus
571 1915 624 1975 est
656 1911 701 1974 M.
733 1910 782 1993 P.,
817 1909 901 1989 quod
933 1907 1035 1989 vulgo
1069 1907 1214 1972 creditur
1237 1905 1354 1974 ....“.

164 2012 281 2091 Neque
309 2012 532 2079 offendendum
556 2016 608 2077 est
631 2015 671 2077 A.
695 2014 746 2077 27.
770 2010 804 2076 in
827 2009 1030 2075 coniunctivo
1061 2006 1277 2093 ,‚dieeretur“‚
1301 2007 1356 2088 qui

169 2134 233 2179 non
245 2115 351 2181 minus
366 2116 556 2198 postulatur
571 2113 730 2181 orationis
746 2113 897 2194 obliquae
911 2113 1054 2194 legibus:
1069 2112 1122 2196 „in
1137 2110 1229 2177 cuius
1244 2118 1357 2176 tamen

152 2217 369 2301 ’pertinaciae
402 2218 637 2301 poenitentiam
663 2224 779 2299 postea
837 2217 876 2285 Τ.
911 2215 1043 2283 Vinium
1070 2213 1354 2296 Philopoemenem

166 2320 251 2400 quod
287 2328 464 2403 patronum
501 2341 595 2388 suum
631 2321 851 2402 proscriptum
894 2319 1022 2384 celasse
1065 2319 1143 2383 olim
1180 2316 1354 2398 diceretur,

165 2423 311 2504 equestri
339 2424 505 2507 dignitate
527 2424 732 2500 honoravit‘.
776 2426 971 2489 Honoratus
994 2421 1079 2487 enim
1102 2430 1154 2487 est
1177 2422 1216 2488 Τ.
1237 2422 1278 2488 V.
1294 2422 1355 2489 Ph.

154 2544 228 2617 'non
251 2527 335 2607 quod
350 2528 537 2600 celavisset,
576 2528 635 2593 sed
670 2528 754 2606 quod
792 2527 919 2593 celasse
952 2525 1131 2592 dicebatur.
1188 2526 1276 2590 Nam
1310 2525 1353 2607 id,

167 2629 252 2709 quod
278 2629 368 2695 fama
403 2630 462 2696 illa
497 2632 683 2706 nuntiabat,
710 2631 732 2697 i.
756 2651 783 2698 e.
818 2630 900 2696 illud
933 2629 1114 2716 „celavisse
1148 2630 1353 2713 patronurrr‘,

165 2736 367 2819 Augustum,
390 2742 427 2799 ut
450 2737 635 2811 honoraret,
660 2735 814 2815 quoniam
836 2754 889 2800 res
912 2734 987 2818 ipsa
1015 2753 1079 2800 non
1107 2733 1193 2799 satis
1222 2739 1353 2799 consta-

163 2837 234 2922 bat,
256 2835 387 2901 minime
410 2857 608 2906 commovere
630 2839 749 2921 potuit.

251 2957 334 3023 Cum
356 2956 408 3023 his
430 2959 511 3024 locis
535 2979 689 3042 compono
704 2959 851 3046 tertium,
864 2960 937 3026 Tib.
954 2962 1010 3025 69:
1035 2958 1241 3045 „turbatiore
1263 2957 1354 3022 caelo

163 3078 328 3140 nunquam
349 3081 413 3127 non
436 3081 587 3129 coronam
610 3063 761 3130 lauream
783 3061 892 3144 capite
916 3061 1074 3143 gestauit,
1103 3044 1351 3141 quod'funnine

65 3248 72 3257 .
162 3162 276 3229 afflari
297 3170 439 3247 negetur
460 3166 493 3231 id
516 3187 620 3249 genus
643 3167 800 3233 frondis“.
845 3165 922 3231 Nisi
937 3165 1049 3249 fallor,
1074 3162 1272 3229 coniunctivi
1295 3181 1350 3227 ex·

162 3266 298 3348 plicatio
313 3269 401 3334 haud
417 3270 561 3336 difficilis
585 3276 647 3337 est.
685 3270 810 3351 Sequor
832 3269 917 3335 enim
940 3266 1351 3352 monogenen-crustum,

163 3370 274 3451 quiin
296 3373 468 3439 corollario
492 3375 509 3457 ξ
534 3377 563 3441 7.
587 3395 608 3455 p
644 3376 717 3440 833.
741 3376 823 3439 haec
851 3372 1017 3453 disputat:
1046 3370 1225 3456 „notabilis
1248 3370 1351 3435 etiam

163 3474 326 3540 modestia
353 3477 510 3563 auctoris
540 3498 604 3558 qua
634 3477 783 3542 Atticam
813 3477 1037 3542 urbanitatem
1067 3474 1229 3559 imitatus,
1259 3491 1353 3539 suum

162 3575 317 3642 indicium
350 3577 390 3643 da
424 3580 535 3661 aliqua
564 3601 598 3646 re
627 3574 832 3646 coniunctivo
859 3579 974 3645 efferre
1009 3579 1093 3643 solet
1117 3628 1224 3644 .....
1231 3629 1239 3660 ,
1268 3575 1351 3641 unde

166 3679 261 3746 salva
284 3680 385 3747 etiam
407 3682 505 3748 lectio
530 3683 602 3751 Tib.
619 3686 675 3751 69:
699 3684 806 3768 „quod
829 3734 886 3750 ...
910 3681 1072 3765 negetur“
1088 3700 1133 3747 sc.
1149 3700 1189 3745 ex
1204 3679 1352 3762 opinione

165 3782 324 3869 aliorum,
368 3806 465 3866 quam
512 3807 616 3868 neque
663 3788 858 3853 confirmare
903 3805 1007 3866 neque
1054 3784 1204 3850 refellere
1251 3783 1351 3848 audet

166 3886 337 3968 scriptore

251 3991 382 4057 Ceteris
415 3993 574 4059 eiusmodi
606 3992 687 4059 locis
709 3995 881 4059 uerborum
912 3992 1118 4077 „sentiendi‘
1141 4000 1201 4057 aut
1224 3990 1352 4075 „decla-

164 4091 281 4158 randi‘
303 4094 503 4163 indicativus
526 4096 655 4178 positus
679 4102 744 4173 est;
769 4096 856 4162 satis
879 4102 942 4181 est,
966 4114 1064 4160 unum
1082 4095 1263 4176 exenrplum
1279 4114 1351 4176 pro·

165 4198 261 4265 ferre.
319 4201 360 4265 A.
390 4203 448 4266 21:
483 4205 636 4286 „tantum
670 4199 756 4266 afuit
790 4221 810 4266 a
845 4200 1103 4283 cupiditate
1126 4197 1281 4281 augendi,
1315 4203 1352 4261 ut

165 4304 368 4383 quorundam
390 4305 604 4371 barbarorum
626 4304 791 4388 principes
808 4357 815 4372 .
833 4357 841 4372 .
859 4356 865 4370 .
883 4356 891 4371 .
907 4303 1016 4370 iurare
1039 4302 1234 4386 coegerit..
1253 4354 1260 4367 .
1277 4353 1302 4384 .,
1330 4318 1350 4365 a

167 4612 183 4679 ᾧ
208 4526 255 4665 51)
275 4526 382 4594 Confer,
400 4543 511 4597 quaeso,
530 4529 689 4584 Kiilmerum
708 4528 725 4585 l.
739 4528 755 4583 l.
769 4529 804 4594 11,
824 4531 847 4594 ἱ),
866 4528 880 4597 ξ
900 4528 993 4594 182,5.,
1023 4531 1051 4581 et
1068 4527 1234 4595 Draegerum
1252 4524 1270 4580 l.
1287 4524 1304 4578 l.
1316 4524 1351 4594 ll,

225 4613 267 4668 37.
