3046 5250
750 357 768 419 7

161 580 329 628 numerum
356 562 596 645 proprietatum
619 563 730 629 Taciti
757 562 884 639 dicendi
913 561 1043 643 generis
1071 579 1143 627 eum
1171 560 1353 626 collocare“·

161 684 225 731 non
248 664 458 732 dubitaverit.
503 667 620 746 Neque
642 665 791 731 Suetonii
812 666 995 732 Caesarum
1018 663 1098 729 vitis
1120 665 1202 729 haee
1221 662 1354 751 dicendi

162 768 261 852 ratio,
284 768 614 849 quamquam-rarius
638 767 790 853 oocturrit,
813 767 941 833 omnino
965 768 1069 833 deest.

248 870 498 938 Nominativum
520 871 572 937 vel
595 871 744 938 dativum
761 869 964 939 substantivi
980 869 1209 936 enuntiatione
1224 871 1353 936 causali

163 993 203 1038 ex
219 973 344 1059 „qnod‘
365 993 525 1056 suspensa
541 974 711 1059 explicari,
735 974 891 1055 exemplis
907 973 1116 1054 coiriprobare
1130 991 1194 1037 non
1209 991 1352 1054 possum.

163 1076 203 1143 In
226 1077 378 1159 genetivo
402 1083 513 1144 autem
537 1078 793 1162 substantivum,
816 1077 901 1157 quod
923 1076 1118 1160 explicatur,
1141 1076 1284 1157 positum
1301 1082 1353 1142 est

165 1180 206 1247 G.
234 1184 286 1245 12:
318 1187 569 1267 „praecesserat
592 1182 631 1246 de
653 1200 691 1246 eo
713 1181 804 1246 fama
832 1180 994 1247 saevitiae
1021 1179 1117 1245 simul
1146 1185 1246 1259 atque
1275 1198 1354 1245 ava·

161 1283 271 1367 litiae,
303 1284 392 1369 quod,
419 1284 574 1351 civitates
602 1285 842 1366 Hispaniarum
869 1283 1213 1363 Galliarumque...
1238 1334 1245 1348 .
1276 1301 1353 1362 gra·

164 1388 308 1455 rioribus
325 1388 471 1474 tributis,
494 1389 655 1469 (praedam
670 1391 772 1455 etiam
787 1406 950 1454 murorum
966 1386 1189 1452 destructione
1204 1385 1354 1466 punisset

166 1497 199 1556 et
216 1542 222 1556 .
239 1543 246 1557 .
266 1542 273 1555 .
291 1543 298 1556 .
315 1492 493 1577 affecisset,
516 1493 664 1573 quodque
687 1492 834 1557 oblatam
856 1509 1009 1556 coronam
1031 1507 1168 1554 auream
1195 1487 1354 1553 librarum
1440 1473 1443 1481 ’

165 1593 347 1673 qumdecim
380 1595 558 1660 conflasset
585 1615 626 1660 ac
652 1605 721 1661 tres
754 1595 882 1678 uncias,
916 1612 1000 1673 quae
1034 1590 1170 1674 ponderi
1204 1592 1354 1675 deerant,

164 1696 318 1762 iussisset
347 1698 467 1780 exigi‘.
519 1698 609 1764 Illud
636 1698 865 1784 „gravioribus
888 1696 1024 1762 tributis
1047 1695 1183 1778 punire“
1211 1694 1354 1761 saevitia

165 1805 228 1884 est,
250 1801 332 1866 illud
354 1801 517 1886 „conflare
539 1809 640 1883 atque
662 1802 817 1885 exigere‘
840 1801 996 1868 avaritia.

249 1904 446 1977 Accusatiri
472 1906 554 1970 haec
582 1908 699 1971 afferre
722 1924 854 1987 possum
876 1904 1039 1986 exempla:
1066 1904 1103 1969 (l.
1128 1906 1161 1969 7:
1186 1902 1355 1987 „animad-

162 2025 261 2072 uersa
277 2060 284 2074 .
302 2059 309 2073 .
327 2059 334 2072 .
353 2057 358 2070 .
376 2008 496 2089 Magni
511 2009 693 2073 Alexandri
709 2007 855 2090 imagine
869 2006 1041 2091 ingemuit,
1064 2014 1098 2071 et
1113 2006 1211 2086 quasi
1225 2012 1356 2088 pertae-

166 2128 222 2174 sus
245 2109 415 2192 ignaviam
447 2130 550 2190 suam,
585 2113 669 2192 quod
695 2111 853 2176 nihildum
881 2131 901 2177 a
936 2130 972 2176 se
1004 2110 1215 2175 memorabile
1238 2117 1351 2175 actum

165 2218 266 2298 esset,
288 2265 295 2279 .
319 2266 356 2280 ..
385 2215 622 2297 efflagitavit.“
679 2217 901 2287 Enuntiatum
942 2215 1092 2298 causale,
1131 2234 1214 2295 quae
1252 2212 1354 2279 sumit

165 2317 314 2403 ignavia,
342 2317 498 2403 explicat,
527 2319 620 2384 cuius
644 2320 823 2386 Caesarem
850 2330 1040 2401 pertaesum
1066 2324 1128 2384 est.
1179 2319 1355 2385 Dom.10:

165 2421 318 2505 „Aelium
341 2423 494 2489 Lamiam
518 2426 577 2506 (sc.
594 2423 772 2502 interemit)
797 2426 837 2489 ob
860 2423 1058 2505 suspiciosos
1081 2422 1220 2505 quidem,
1242 2439 1356 2487 uerum

58 2532 62 2537 '
166 2530 200 2589 et
232 2531 360 2592 veteres
395 2532 428 2591 et
457 2525 604 2591 innoxios
632 2526 733 2612 iocos,
768 2526 852 2606 quod
875 2578 882 2592 .
908 2579 915 2592 .
939 2577 948 2592 .
971 2526 1111 2610 dixerat,
1140 2524 1287 2604 quodque
1309 2543 1356 2589 re·
1434 2515 1436 2520 ’

166 2630 376 2711 sponderat.“

250 2734 365 2813 Neque
386 2734 449 2798 huc
471 2733 593 2798 referre
616 2733 729 2798 dubito
755 2733 803 2799 Ol.
819 2733 875 2798 40:
900 2732 960 2817 „de
983 2736 1157 2812 quaestore
1168 2731 1193 2814 ¹)
1217 2730 1356 2810 quodam

165 2836 342 2901 candidato
365 2836 453 2902 inter
475 2855 596 2901 causas
620 2835 872 2918 suffragationis
896 2855 977 2901 suae
999 2835 1119 2919 posuit,
1149 2834 1233 2913 quod
1261 2840 1358 2915 pater

166 2943 237 3005 eius
268 2940 424 3022 frigidam
452 2959 555 3022 aegro
583 2939 648 3004 sibi
680 2940 877 3021 tempestive
910 2938 1087 3005 dedisset.“
1141 2940 1238 3004 Haec
1272 2936 1356 3002 enim

166 3045 267 3109 verba
290 3043 436 3125 proiecto
458 3043 509 3109 ita
532 3043 751 3109 construenda
776 3050 867 3107 sunt:
895 3042 983 3107 inter
1004 3060 1125 3106 causas
1148 3040 1259 3122 posuit
1283 3059 1356 3105 eam

167 3165 313 3232 causam,
347 3148 431 3228 quod
454 3200 461 3215 .
486 3201 493 3214 .
519 3201 526 3214 .
556 3146 712 3213 dedisset.
768 3147 870 3211 Porro
906 3146 978 3213 Cal.
1009 3149 1062 3211 19:
1099 3164 1218 3229 „auum
1251 3162 1357 3208 meum

165 3256 358 3317 narrantem
380 3270 461 3333 puer
472 3250 656 3333 audiebam,
679 3269 816 3316 causam
832 3249 939 3331 operis
955 3250 997 3313 ab
1013 3248 1222 3313 interioribus
1238 3246 1356 3312 aulicis

166 3353 329 3435 proditam
369 3363 427 3435 (sc.
456 3374 529 3420 eam
564 3354 731 3438 causam),
765 3353 850 3432 quod
883 3354 1068 3435 Thrasylus
1101 3351 1357 3417 mathematicus

168 3456 268 3523 arixio
291 3457 423 3522 Tiberio
448 3512 454 3525 .
479 3511 487 3525 .
510 3511 519 3526 .
542 3456 779 3522 affirmassem

260 3560 301 3625 In
330 3562 480 3628 ablativo
508 3560 752 3627 substantivum
779 3560 974 3625 collocatum
1001 3565 1053 3625 est
1077 3559 1129 3627 (h.
1152 3562 1208 3624 25:
1254 3556 1358 3643 „Ger-

169 3682 338 3728 manorum
373 3664 499 3746 legatis
533 3664 567 3729 in
601 3665 771 3729 orchestra
807 3663 920 3729 sedere
946 3662 1107 3747 permisit,
1142 3660 1355 3743 simplicitate

174 3783 283 3831 eorum
306 3772 340 3832 et
361 3768 481 3833 fiducia
503 3775 694 3852 commotus,
729 3768 813 3846 quod
846 3767 879 3831 in
912 3766 1086 3848 popularia
1110 3766 1250 3849 deducti,
1284 3785 1356 3830 cnm

170 3871 484 3936 animadvertissent
505 3872 650 3936 Parthos
673 3876 707 3935 et
730 3870 903 3936 Armenios
918 3871 1078 3935 sedentes
1100 3869 1134 3934 in
1157 3875 1286 3953 senatu,
1313 3869 1356 3933 ad

170 3973 282 4038 eadem
305 3975 377 4040 loca
402 3979 518 4055 sponte
539 3974 755 4058 transierant,
777 3973 878 4038 nihilo
901 3974 1095 4038 deteriorem
1117 3973 1273 4039 virtutem
1296 3978 1356 4038 aut

172 4076 393 4143 condicionem
417 4096 511 4143 suam
533 4076 802 4159 praeclicantes;“
826 4078 1044 4143 etDom.14:
1070 4077 1232 4162 ,minimis
1255 4076 1357 4141 etiam

176 4180 416 4262 suspicionibus
449 4194 583 4263 praeter
615 4182 744 4246 modum
777 4182 1058 4263 commovebatur3
1093 4188 1131 4246 nt
1159 4178 1355 4244 edicti...

239 4352 260 4420 ¹)
279 4351 418 4417 Rutulum,
436 4352 482 4422 qui
494 4351 636 4417 beroaldo,
648 4351 771 4417 Graevio,
789 4351 914 4406 Ernestio
927 4350 1152 4422 praecedentibus
1166 4349 1358 4404 correctionem

172 4442 365 4506 „quaesturae‘⁴
386 4439 534 4508 adoptavit,
553 4439 661 4492 minime
679 4438 790 4492 laudare
809 4454 928 4507 possum.
966 4442 1041 4492 Beue
1060 4439 1131 4493 enirn
1143 4437 1253 4492 Wolfius
1265 4439 1359 4489 contra

171 4522 327 4579 Ernestium
344 4530 445 4592 monet,
463 4525 638 4579 candidatum
656 4523 731 4577 illum
750 4523 868 4594 intellegi
887 4541 969 4595 posse
986 4525 1028 4579 vel
1047 4530 1210 4595 quaesturae
1229 4524 1271 4577 vel
1290 4521 1361 4577 alius

171 4624 298 4665 muneris.
