3046 5250
609 385 814 485 „37-

119 594 334 662 dubitandum
357 600 445 675 pino,
468 592 545 674 quin
562 592 633 658 'lin
659 591 1074 675 25.pa1·ticnla„qnando“
1092 593 1175 659 idem
1191 594 1304 661 valeat

120 698 439 785 61666,6661116611Ι
456 717 529 763 cum
545 698 579 762 in
595 696 766 763 enuntiato
782 697 911 763 66116611
926 697 1128 763 existimatio
1144 697 1303 778 quaedam

120 802 297 871 communis
312 801 403 868 insit.
436 800 596 883 Legimus
619 801 720 867 enim:
746 820 859 885 „qncm
876 801 1017 865 maxime
1040 820 1152 866 casum
1174 799 1304 883 timens,

10 916 23 967 ·.
118 912 234 990 partes
257 906 335 990 sibi,
364 925 448 986 quas
472 905 604 971 senatui
630 904 763 988 liberet,
793 906 934 971 tuendas
961 904 995 969 in
1017 904 1185 987 republica
1208 905 1304 986 depo·

119 1011 234 1095 poscit,
258 1010 388 1093 quando
411 1009 583 1078 universae
608 1009 757 1074 sufficere
781 1010 870 1074 solus
893 1027 985 1073 nemo
1007 1014 1130 1090 posset,
1153 1008 1218 1074 nisi
1234 1029 1303 1075 cum

121 1115 302 1181 611616161
326 1113 428 1181 etiam
450 1132 522 1179 cum
544 1112 723 1194 pluribus.“

205 1216 430 1285 Memorabilis
452 1237 547 1300 porro
571 1218 738 1301 „curando‘
761 1215 946 1298 particulae
961 1235 1040 1282 usus
1056 1220 1169 1283 exstat
1185 1217 1253 1283 Tit.
1273 1224 1303 1289 l:
1400 1268 1404 1277 .

120 1325 247 1401 „Titus
275 1322 466 1405 cognomine
493 1325 641 1404 paterno,
670 1340 761 1387 amor
788 1340 829 1386 ac
856 1319 993 1385 deliciae
1018 1320 1148 1403 generis
1171 1321 1305 1388 burnani

121 1433 263 1506 (tautum
287 1426 337 1492 illi
360 1426 403 1492 ad
424 1426 671 1509 promerendam
700 1424 841 1490 onmium
868 1424 1072 1492 voluntatem
1101 1425 1154 1492 161
1181 1414 1305 1506 ingenii

119 1532 172 1599 161
195 1531 280 1597 61116
302 1530 354 1599 161
377 1530 531 1597 fortunae
555 1529 727 1611 superfuit,
754 1534 798 1612 et,
827 1530 911 1610 quod
933 1529 1160 1595 difficillimum
1182 1534 1244 1608 est,
1271 1529 1304 1595 in

119 1636 262 1719 irnperio,
290 1634 420 1714 quando
448 1634 599 1717 privatus
627 1639 727 1714 atque
756 1632 858 1698 etiam
887 1633 947 1699 sub
973 1639 1071 1716 patre
1098 1632 1243 1715 principe
1265 1653 1306 1698 ne

26 1750 29 1755 ·
120 1740 192 1804 odio
208 1737 344 1820 quidem,
369 1738 487 1804 nedum
507 1737 749 1819 vituperatione
765 1736 896 1819 publica
913 1737 1034 1821 caruit)
1050 1743 1152 1803 natus
1169 1743 1221 1803 est
1236 1792 1241 1805 .
1257 1790 1264 1804 .
1278 1746 1305 1805 .“

120 1843 302 1929 „Quaudo“
329 1843 414 1907 cuim
441 1843 494 1907 hic
521 1860 583 1909 non
611 1861 747 1908 causam
774 1841 871 1908 affert
905 1842 1069 1908 enuntiati
1103 1841 1305 1924 principalia,

120 1968 178 2014 cur
194 1949 271 2014 Tito
288 1952 417 2014 tantum
440 1948 493 2012 161
515 1947 640 2031 ingenii
662 1949 714 2015 vel
739 1947 825 2013 artis
847 1947 897 2013 161
921 1947 1074 2014 fortunae
1099 1947 1306 2029 superfuerit,

122 2052 180 2117 sed
204 2059 362 2134 tanquam
387 2051 647 2117 additamentum
664 2050 898 2133 explicatiunm
914 2051 1069 2136 continet,
1093 2070 1150 2116 cur
1166 2050 1308 2133 scriptor

121 2155 307 2223 adiunxerit
336 2161 398 2234 ,‚et,
422 2157 507 2236 quod
530 2156 757 2221 difficillimum
780 2161 840 2232 est,
869 2155 902 2219 in
932 2155 1101 2237 imperio“;
1129 2154 1182 2220 hic
1212 2154 1306 2238 enim,

119 2259 186 2325 nisi
208 2260 315 2342 fallor,
341 2260 581 2326 sententiarum
603 2279 706 2326 nexus
730 2265 795 2325 est:
819 2264 948 2325 tantum
965 2260 1015 2324 1111
1038 2312 1045 2326 .
1071 2310 1078 2326 .
1104 2312 1110 2325 .
1135 2258 1307 2342 superfuit,

122 2367 163 2443 et,
187 2364 272 2445 quod
294 2363 519 2429 difficillimum
545 2370 605 2438 est,
629 2364 663 2429 in
678 2363 823 2446 imperio,
846 2363 879 2428 id
895 2365 979 2443 quod
995 2383 1031 2430 eo
1047 2362 1156 2445 magis
1173 2382 1307 2428 comme·

120 2468 312 2534 morandum
333 2470 384 2534 161
409 2467 592 2533 mirandum
616 2473 678 2552 est,
702 2467 830 2547 quamlo
853 2467 1003 2550 privatus
1025 2521 1031 2534 .
1051 2520 1057 2532 .
1075 2518 1082 2532 .
1103 2486 1166 2533 non
1190 2466 1306 2533 caruit.

207 2573 282 2638 Iam
304 2573 523 2638 accedendum
546 2571 589 2637 ad
612 2573 649 2640 O.
674 2574 737 2653 28,
760 2591 855 2651 quem
885 2573 991 2637 locum
1019 2577 1206 2655 corruptum
1235 2589 1308 2636 esse

121 2696 231 2743 omnes
255 2676 413 2757 fatentur,
444 2676 563 2741 sedda
587 2675 813 2741 emendatione
842 2675 1052 2743 dissentiunt.
1103 2676 1223 2755 Itaque
1248 2675 1309 2739 hoc

40 2774 45 2779 ’
121 2779 254 2846 deloco
278 2780 408 2846 uberius
432 2779 604 2861 disputare
626 2779 738 2845 liceat.

208 2883 383 2950 Suetonius
406 2883 512 2965 igitur
534 2882 648 2959 tradit,
673 2884 856 2963 Caesarem,
875 2901 998 2949 summo
1016 2883 1123 2948 studio
1138 2882 1172 2947 id
1188 2882 1308 2964 egisse,

120 2995 159 3052 ut
182 2989 235 3054 vel
257 2988 398 3070 captivis
422 2987 594 3053 offerendis
617 2987 668 3053 161
692 2985 826 3053 auxiliis
851 2986 1081 3053 submittendis
1103 2987 1157 3052 161
1173 2985 1308 3051 urbibus

123 3091 319 3157 exornandis
354 3110 451 3174 reges
486 3096 586 3170 61666
613 3090 799 3172 provincias
829 3109 887 3172 per
915 3094 1077 3155 terrarum
1109 3091 1216 3155 orbem
1245 3090 1308 3154 sibi

123 3194 327 3261 conciliaret:
364 3196 484 3272 „donec
517 3194 672 3260 attonitis
706 3194 772 3260 iam
807 3194 963 3272 omnibus,
998 3200 1031 3260 et
1065 3212 1218 3274 quorsum
1248 3194 1307 3259 1116
1387 3211 1390 3215 ’

121 3297 294 3365 tenderent
334 3298 579 3380 reputantibus,
617 3300 750 3363 llarcus
785 3297 946 3365 Claudius
981 3298 1160 3363 Marcellus
1196 3298 1308 3364 consul

123 3400 229 3468 edicto
251 3403 438 3486 praefatus
469 3403 507 3469 de
536 3422 661 3468 summa
686 3422 721 3468 se
743 3403 911 3484 republica
936 3408 1099 3478 acturum,
1127 3402 1243 3468 retulit
1266 3403 1310 3468 ad

123 3510 286 3592 senatum,
311 3511 349 3573 ut
380 3507 410 3571 ei
435 3506 662 3573 succederetur
684 3510 763 3571 ante
786 3512 925 3590 tempus
953 3505 1104 3586 quoniam
1126 3505 1211 3572 bello
1234 3526 1309 3573 con·

122 3608 297 3692 fectopax
320 3617 409 3677 esset
432 3631 471 3676 ac
495 3609 618 3676 dimitti
641 3611 774 3676 deberet
797 3610 902 3678 victor
925 3609 1106 3690 exercitus;
1130 3615 1164 3675 et
1187 3630 1228 3675 ne
1251 3613 1308 3677 ab·

22 3794 25 3799 Ι
122 3713 227 3779 sentis
242 3716 329 3781 ratio
352 3714 495 3781 comitiis
518 3717 703 3793 baberetur,
728 3715 856 3795 quando
871 3733 928 3780 nec
944 3713 1117 3797 plebiscito
1133 3714 1308 3797 Pompeius

121 3825 237 3902 postea
271 3821 477 3902 obrogasset.
534 3819 717 3885 Acciderat
752 3825 879 3912 autem,
915 3824 951 3885 ut
982 3820 1011 3884 is
1039 3819 1146 3900 legem
1173 3819 1213 3885 de
1240 3820 1309 3886 iure

121 3923 379 4006 magistratuum
401 3923 511 3990 ferens
535 3943 572 3990 eo
588 3924 705 4006 capite,
732 3943 793 4004 quo
809 3921 969 4006 petitione
982 3925 1138 3989 honorum
1154 3924 1309 3990 absentes

122 4027 343 4111 submovebat,
370 4047 412 4093 ne
440 4028 618 4095 Caesarem
650 4028 776 4109 quidem
807 4028 985 4110 exciperet,
1013 4048 1072 4109 per
1098 4026 1309 4105 oblivionem

122 4148 265 4208 semor,
288 4132 363 4214 lege
385 4131 452 4197 iam
475 4131 510 4197 in
532 4152 590 4198 aes
614 4131 720 4197 incisa
744 4135 777 4197 et
800 4131 833 4196 in
856 4130 1022 4197 aerarium
1046 4129 1187 4206 condita,
1211 4131 1309 4197 corri-

121 4237 217 4315 geret
239 4242 408 4302 errorem.“
455 4236 565 4316 Atque
588 4236 728 4317 primum
753 4235 889 4316 quidem,
920 4234 1069 4316 quamvis
1094 4234 1208 4317 optimi
1224 4234 1310 4301 codi-

120 4354 175 4402 ces
197 4335 231 4403 iu
252 4357 331 4404 1666
347 4340 585 4422 „ab1·ogasset“
603 4339 799 4421 conspirent,
823 4344 914 4406 certa
931 4347 1051 4423 tamen,
1075 4339 1153 4421 qnia
1168 4341 1309 4422 vulgata

119 4458 223 4521 neque
258 4441 411 4525 intellegi
442 4462 545 4523 neque
576 4443 707 4509 defendi
735 4449 856 4528 potest,
892 4442 1111 4509 existimanda
1146 4447 1198 4509 est
1225 4446 1309 4509 Bur-

10 4542 15 4613 }
119 4544 232 4610 manni
265 4545 460 4631 emendatio,
494 4566 534 4612 ex
568 4546 710 4613 editione
738 4551 778 4614 R.
803 4546 964 4630 Stephani
987 4566 1045 4629 pro
1069 4549 1309 4631 „abrogasset“

117 4647 263 4731 legentis
298 4649 550 4736 „abrogassett
604 4651 783 4718 Praeclare
819 4651 903 4718 enim
939 4650 1156 4717 Ruhnkenius
1179 4651 1201 4717 1.
1224 4651 1309 4719 1611
