3046 5250
758 348 792 409 31

107 558 121 563 ”
183 572 317 653 profert,
348 570 406 635 sed
432 570 548 655 etiam,
576 591 660 651 quae
688 571 751 637 tali
778 581 959 654 temporum
987 568 1172 635 condicione
1199 565 1369 651 proposita

105 670 112 703 '·
186 673 364 740 communis
399 673 443 739 sit
478 674 681 740 existimatio
716 677 939 742 consultorum
973 674 1040 739 illis
1067 668 1269 755 temporibus
1299 690 1370 753 per·

111 762 114 769 ¹
189 771 395 863 scriptorum,
420 778 575 844 ostendit.
620 780 736 861 Causa
758 779 929 845 omittendi
953 778 1100 843 omnibus
1120 781 1171 842 est
1187 775 1370 842 notissima.

270 899 373 964 Porro
411 898 482 964 Tib.
512 901 568 964 61:
608 902 825 984 „immaturae
852 900 993 984 puellae,
1021 880 1108 980 quia*
1131 917 1219 963 more
1246 895 1371 961 tradito

112 1042 118 1054 ·
184 990 279 1069 nefas
312 1007 402 1068 esset
435 1002 583 1084 virgines
618 1004 835 1089 strangulari,
869 1003 1011 1070 vitiatae
1039 1001 1130 1084 prius
1158 1022 1178 1066 a
1207 999 1371 1083 camifioe,

186 1107 260 1173 dein
283 1106 550 1189 strangulatae“.
594 1108 740 1183 Deducit
761 1113 878 1173 auctor
899 1127 1036 1173 causam
1059 1125 1079 1170 a
1103 1103 1263 1171 maiorum
1285 1120 1371 1167 more

185 1216 287 1305 atque
309 1210 553 1295 consuetudine,
577 1210 668 1275 cuius
693 1211 815 1275 eruditi
838 1210 967 1290 quidem
989 1210 1129 1275 lectores
1151 1207 1241 1273 haud
1261 1204 1373 1288 ignari

185 1332 260 1378 esse
282 1317 445 1395 poterant.
1287 1332 1290 1339 ’

271 1435 368 1501 Haec
389 1416 575 1515 particulae
599 1433 800 1516 significatio
823 1431 925 1498 multo
948 1431 1058 1513 magis
1082 1431 1188 1494 elucet
1211 1430 1371 1513 Ner.1·2.‚

189 1537 245 1602 ubi
260 1535 438 1602 Suetonius
461 1541 537 1618 post
560 1536 681 1621 „quia“
709 1535 907 1618 particulam
934 1542 1064 1616 tempus
1093 1552 1251 1614 praesens
1278 1551 1373 1596 usur-

178 1641 257 1725 pat,
280 1659 476 1721 quamquam
506 1640 540 1704 in
569 1640 741 1705 enuntiato
769 1639 945 1721 principali
972 1637 1154 1721 perfectum
1181 1635 1374 1702 historicum

186 1743 327 1826 legitur:
365 1743 430 1828 „ad
466 1745 670 1809 athletarum
707 1743 931 1824 spectaculum
968 1741 1123 1807 inritavit
1158 1746 1192 1806 et
1226 1739 1374 1822 virgines

187 1847 355 1931 Vestales
379 1847 456 1926 quia
480 1847 655 1930 Olympiae
682 1865 810 1935 quoque
835 1846 965 1913 Cereris
996 1845 1222 1910 sacerdotibus
1247 1847 1374 1928 specta·

187 1968 223 2014 re
246 1949 464 2016 conceditur“.
511 1949 655 2015 Similem
677 1949 711 2014 in
726 1950 855 2015 modum
871 1948 1055 2015 enuntiatio
1071 1948 1238 2033 particula
1255 1946 1374 2033 „quia‘

186 2053 375 2119 introducta
399 2072 536 2119 causam
558 2053 705 2119 continet
727 2053 915 2135 legentibus
938 2058 1050 2119 notam
1075 2054 1111 2119 O.
1138 2054 1192 2118 14:
1224 2050 1323 2135 „quin
1339 2058 1373 2116 ct

189 2160 322 2222 tantum
345 2161 467 2222 metum
489 2156 603 2222 iniecit
625 2156 796 2241 asperiora
826 2157 1040 2222 suadentibus
1065 2207 1071 2222 .
1098 2206 1105 2222 .
1130 2207 1137 2221 .
1161 2207 1184 2240 .‚
1213 2162 1251 2219 ut
1278 2152 1375 2218 Deci·
1433 2170 1436 2175 ·

105 2340 107 2347 Ι
130 2278 134 2285 ·
187 2281 276 2326 mum
299 2261 449 2327 Silanum
472 2313 479 2327 .
505 2313 513 2328 .
539 2313 546 2327 .
569 2287 578 2327 ·.
601 2280 666 2326 non
688 2260 836 2344 piguerit
860 2259 1059 2352 sententiam
1083 2278 1188 2337 suam,
1213 2257 1290 2338 quia
1307 2275 1375 2321 mu-

185 2372 263 2430 tare
284 2369 381 2447 turpe
404 2363 784 2449 orat-interpretatione
804 2363 938 2429 lenire.“
1302 2359 1303 2362 ’

218 2757 222 2761 -
317 2727 351 2806 ll.
381 2726 429 2806 De
458 2727 570 2807 modis
599 2727 644 2806 ad
673 2727 799 2826 ,‚ouia“
828 2725 1038 2827 particulam
1068 2723 1255 2804 adiunctis.

275 2895 397 2964 Paucis
425 2903 632 2982 pertractare
654 2916 788 2981 possum
811 2882 906 2961 nsum
933 2896 1098 2960 modorum
1127 2894 1246 2979 „quia‘
1274 2894 1378 2978 parti·

190 3001 288 3067 culae
312 3003 566 3086 subiunotorum,
590 3020 661 3066 cum
685 2999 861 3066 Suetonius
889 2999 923 3064 iu
950 2998 1054 3064 modis
1082 3004 1157 3083 post
1180 2997 1299 3084 „quia‘
1323 3017 1378 3082 po-

190 3104 308 3169 nendis
345 3104 519 3187 vulgarem
552 3104 680 3169 dicendi
713 3123 813 3170 usum¹
840 3103 909 3168 fere
944 3092 1110 3183 nunquam
1145 3102 1378 3184 repudiaverit.

189 3209 266 3273 Hoc
292 3227 391 3273 unum
420 3213 532 3274 autem
560 3227 689 3273 monere
716 3206 838 3293 liceat,
871 3205 1087 3272 indicativum
1115 3207 1218 3270 multo
1246 3204 1379 3287 saepius

190 3310 346 3393 inveniri3
375 3330 571 3391 quamquam
595 3314 681 3377 enim
703 3312 815 3377 tricies
844 3312 895 3376 bis
922 3309 1123 3392 particulam
1151 3307 1271 3394 „quia“
1298 3307 1380 3390 legi-

190 3432 273 3488 mus
306 3418 418 3479 tamen
453 3413 555 3479 octies
590 3418 721 3480 tantum
756 3413 995 3480 coniunctivum
1030 3413 1160 3478 modum
1193 3410 1377 3480 invenimus

190 3515 388 3597 appositum.

650 3723 680 3806 l)
704 3719 926 3804 Indicativus.

280 3865 314 3945 a)
338 3863 379 3927 In
401 3863 494 3928 modo
517 3861 695 3928 indicativo
718 3861 800 3927 nihil
822 3867 885 3945 est,
913 3861 997 3941 quod
1024 3859 1178 3945 offendat,
1205 3861 1270 3926 nisi
1298 3860 1389 3940 qrrod⁴

105 3958 112 3965 ’
193 3985 246 4050 ea,
269 3985 352 4045 quae
367 3967 406 4031 de
422 3967 548 4052 „quod‘
560 3967 725 4048 particula
743 3967 760 4050 ᾧ
776 3969 804 4051 1,
816 3967 866 4050 Π,
881 3970 908 4050 1,
925 3964 1087 4042 dicuntur,
1105 3964 1285 4030 alacritate
1301 3983 1381 4044 qua·

158 4069 273 4134 -dam
300 4068 427 4134 dicendi
456 4070 574 4136 adduci
601 4078 785 4154 auctorem,
816 4077 850 4136 ut
879 4076 992 4136 contra
1021 4071 1113 4152 leges
1143 4070 1382 4151 grammaticas

194 4173 229 4238 in
253 4172 400 4238 oratione
423 4173 554 4257 obliqua
577 4174 756 4241 indicativo
780 4179 904 4250 utatur,
927 4175 1029 4239 etiam
1058 4173 1101 4238 ad
1129 4173 1249 4258 „quia“
1278 4173 1383 4255 parti-

105 4266 110 4357 2
195 4276 306 4342 culam
332 4277 509 4359 pertinent.
559 4278 614 4344 Sic
643 4281 680 4346 (l.
709 4281 766 4346 46:
801 4278 918 4365 „multi
948 4277 1173 4360 prodiderunt:
1208 4277 1321 4345 villam
1349 4278 1384 4344 iu

105 4368 123 4437 ἰ’
194 4380 433 4447 Nemorensis
462 4380 686 4448 fundamentis
713 4382 911 4467 inchoatam,
939 4381 1016 4465 qnia
1045 4401 1109 4446 non
1138 4386 1211 4446 tota
1241 4382 1285 4447 ad
1312 4382 1383 4449 ani-

105 4472 116 4583 'i
195 4503 284 4550 mum
313 4485 344 4550 ei
370 4485 595 4569 responderat,
623 4491 729 4551 totam
759 4486 928 4555 diruisset
978 4486 1080 4549 Porro
1108 4485 1149 4550 A.
1181 4487 1235 4549 13:
1270 4479 1382 4562 „alios

105 4588 117 4651 ³:
196 4592 326 4671 patrem
339 4589 496 4667 etlilium,
510 4591 651 4673 provita
667 4597 825 4673 rogantes
839 4588 950 4655 sortiri
963 4608 1002 4653 ac
1014 4589 1136 4653 micare
1148 4587 1287 4654 iussisse
1302 4641 1307 4654 .
1326 4640 1333 4656 .
